1905 2640
259 127 336 162 140
534 113 657 152 LIB.
708 113 755 151 X.
820 112 1190 153 CEREBRUM
1230 113 1305 151 ET
1352 111 1573 151 NERVI.

256 209 434 246 continuo
459 207 643 250 videatur,
689 219 771 245 cum
799 207 1004 246 vicinissima
1036 209 1137 246 cordi
1166 211 1272 257 origo
1292 209 1496 245 arteriarum
1524 205 1589 249 fit,
1636 217 1713 255 quae
1729 218 1824 244 cere-

254 270 358 306 brum
393 267 535 308 adeunt,
568 267 603 303 &
631 268 684 303 via
697 266 887 304 reffiffima.

312 326 508 373 Aliquanto
538 337 668 374 nempe
698 326 855 362 minores
894 325 1067 363 carotides
1092 324 1153 362 Κε
1172 338 1182 361 1
1200 337 1283 362 LlU
1303 338 1317 362 s
1340 324 1419 372 (e)
1452 325 1604 366 fecerat,
1637 330 1678 361 ut
1712 330 1829 360 tamen

254 384 287 421 se
314 385 483 421 haberent
495 383 537 420 ad
555 383 726 432 reliquam
739 392 887 427 aortam,
907 387 957 421 uti
986 397 1043 421 10.
1063 384 1105 421 ad
1127 395 1192 429 45.
1218 383 1260 420 M
1277 397 1355 421 Azr
1372 396 1394 420 N
1411 395 1430 418 υ
1449 396 1464 420 s
1486 381 1555 430 (f)
1576 384 1620 419 ita
1639 382 1827 424 distribuit,

255 450 294 480 ut
310 443 354 479 de
379 443 481 479 uncia
497 454 566 479 una
592 442 771 490 sanguinis
806 443 850 480 de
874 444 983 480 corde
1018 441 1147 484 emisti,
1196 442 1318 479 arteria
1345 449 1441 479 aorta
1466 441 1681 479 descendens
1696 440 1759 478 fibi
1776 441 1829 479 su-

257 509 329 538 mat
357 512 465 547 grana
492 512 565 544 305
590 513 672 538 cum
699 500 830 538 semisse
849 530 858 543 ‚
894 502 1108 538 adscendens
1127 513 1234 548 grana
1262 512 1340 546 174
1371 512 1453 538 cum
1476 499 1617 537 semisse.

315 559 409 596 Meae
422 559 658 596 dimensiones
674 563 728 607 (g)
742 559 818 598 sunt
829 559 1205 607 hujusn10d1,reduc”tis
1222 560 1390 596 omnibus
1402 560 1559 596 numeris
1570 558 1611 596 ad
1624 557 1832 595 centefimas

253 618 407 666 pollicis,
426 619 460 654 &
477 619 654 667 quadratis
672 620 929 656 diametrorum
950 619 1034 656 loco
1061 619 1238 655 luminum
1253 618 1385 655 sumtis.
1435 616 1619 655 Diameter
1637 624 1743 654 aortae
1771 617 1831 653 de-

251 677 451 714 scendentis
468 677 529 713 sub
547 677 652 714 duero
665 678 832 715 arterioso
845 689 909 722 47.
932 677 1071 715 Carotis
1086 678 1215 714 utravis
1241 687 1308 719 23.-
1325 676 1509 714 Subclavia
1521 676 1642 713 dextra
1661 686 1723 719 27.
1741 675 1832 711 Sini-

253 737 318 772 stra
338 746 400 780 25.
423 735 637 772 Vertebralis
657 748 698 772 11.
720 735 770 773 Ita
785 736 917 774 lumina
935 736 1135 773 carotidum
1155 744 1259 773 erunt
1283 747 1354 779 105
1368 742 1400 776 8.
1425 735 1560 772 lumina
1581 734 1831 771 vertebralium

257 805 349 837 242.
400 794 549 830 Summa
562 806 688 831 eorum
712 806 830 838 1300.
851 794 986 831 lumina
1009 794 1198 840 conjuneia
1221 795 1428 831 arteriarum
1444 793 1698 832 subclaviarum
1718 793 1753 829 &
1769 792 1831 830 de-

247 852 447 889 scendentis
475 860 586 889 aortae
606 863 651 895 25
668 863 727 896 59.
765 852 800 890 Si
819 865 917 890 nunc
933 853 1109 901 sanguinis
1126 855 1360 901 quantitatem
1393 852 1436 889 ad
1468 864 1647 904 quamque
1666 853 1828 899 corporis

253 920 388 959 partem
407 910 577 948 fluentem
609 911 712 948 facias
736 911 895 958 ejusdem
927 912 1119 954 mensurae,
1165 923 1243 960 quae
1282 911 1331 948 est
1355 911 1533 949 luminum
1553 939 1562 953 ,
1603 919 1689 947 tunc
1712 911 1754 947 ad
1775 922 1830 948 ca-

252 978 316 1019 put
336 970 537 1007 universum
564 971 628 1007 iret
658 971 826 1019 equidem
858 972 958 1008 tertia
983 983 1059 1019 pars
1085 970 1263 1018 sauguinis
1294 972 1414 1007 totius.

312 1028 353 1065 In
381 1029 451 1065 alio
473 1028 601 1077 puerili
627 1040 801 1077 corpore,
827 1041 910 1066 cum
932 1036 1029 1066 aorta
1066 1028 1166 1079 supra
1193 1040 1257 1065 cor
1283 1028 1497 1065 diametrum
1515 1027 1660 1065 haberet
1679 1031 1757 1078 ,fg-05,
1789 1029 1825 1066 &

252 1087 341 1125 infra
374 1099 526 1134 magnos
555 1099 674 1124 ramos
697 1099 761 1133 47.
816 1089 944 1125 carotis
972 1087 1103 1125 sinistra
1136 1098 1199 1133 24·
1250 1087 1375 1124 dextra
1401 1097 1464 1131 25.
1501 1086 1675 1124 subclavia
1698 1089 1823 1123 dextra

258 1158 319 1191 35.
351 1146 480 1183 sinistra
509 1155 571 1188 29.
601 1146 677 1183 suit.
741 1146 776 1183 Si
807 1145 964 1194 posueris
989 1147 1222 1184 vertebralem
1247 1146 1356 1194 paulo
1391 1146 1566 1192 majorem
1591 1156 1652 1183 12.
1679 1144 1827 1194 (neque

252 1207 348 1241 enim
373 1205 447 1242 sum
483 1203 717 1250 dimetitus)‚
763 1206 828 1242 erit
858 1207 1062 1243 arteriarum
1097 1204 1143 1242 ad
1181 1212 1287 1253 caput
1314 1205 1476 1243 euntium
1519 1204 1643 1241 lumen
1672 1205 1826 1250 conjun-

250 1265 347 1301 dium
383 1270 499 1309 1489.
538 1264 660 1300 lumen
694 1265 901 1306 arteriarum
950 1264 1130 1314 reliquum
1175 1275 1312 1312 corpus
1357 1262 1567 1301 adeuntium
1589 1272 1718 1308 4275.
1755 1262 1829 1300 five

251 1325 374 1371 capitis
409 1323 530 1371 portio
560 1322 737 1370 subtripla.
803 1322 861 1360 De
895 1336 934 1361 ea
964 1323 987 1360 si
1021 1323 1204 1372 aliquanto
1239 1324 1357 1360 minus
1381 1333 1490 1372 quam
1524 1321 1713 1358 dimidiam
1748 1333 1828 1370 par-

251 1391 323 1418 tem
365 1380 558 1422 demseris,
615 1393 692 1430 quae
722 1380 823 1418 adeat
860 1390 1021 1419 externas
1056 1383 1178 1430 capitis
1207 1388 1350 1432 partes,
1394 1380 1467 1418 fere
1507 1380 1632 1418 eadem
1668 1391 1748 1428 quae
1789 1381 1826 1416 in

251 1441 361 1489 priori
401 1439 595 1487 exemplo,
632 1441 667 1477 ὃς
704 1439 957 1490 subquintupla
986 1443 1075 1480 ratio
1101 1440 1272 1489 prodibit,

313 1498 429 1536 Multa
458 1500 553 1534 enim
575 1499 625 1534 vis
675 1498 779 1545 hujus
808 1499 986 1548 sanguinis
1041 1500 1084 1537 ad
1130 1500 1318 1537 cerebrum
1348 1510 1425 1536 non
1459 1499 1565 1536 venit.
1634 1496 1826 1535 Vertebra-

252 1558 276 1593 li
300 1557 479 1594 decedunt
510 1558 598 1593 rami
627 1556 823 1594 musculosi.
889 1557 959 1596 Eos
987 1557 1011 1594 fi
1031 1559 1211 1609 spreveris,
1244 1564 1362 1594 tamen
1385 1557 1429 1593 de
1457 1555 1617 1593 carotide
1628 1555 1826 1604 plurimum

252 1617 460 1664 sanguinem
499 1615 542 1652 ad
569 1617 744 1652 exteriora
766 1617 890 1667 capitis
907 1617 1028 1654 venire
1055 1622 1202 1668 oportet
1229 1613 1440 1652 meminisse.
1507 1613 1549 1651 ln
1575 1614 1707 1651 eodem
1727 1615 1825 1651 enim

253 1687 405 1723 corpore
436 1674 601 1711 carotidis
622 1674 807 1711 cerebralis
845 1675 1015 1713 diameter
1027 1675 1094 1713 fuit
1123 1687 1182 1724 19,
1214 1674 1380 1712 carotidis
1398 1681 1552 1712 externae
1564 1673 1738 1711 diameter
1754 1683 1820 1710 20.

250 1734 301 1771 ita
322 1733 342 1768 ss
362 1745 468 1782 quarn
498 1735 689 1770 minimum
719 1733 910 1771 detraxeris
933 1734 976 1771 de
992 1733 1161 1782 sanguine
1195 1733 1387 1775 cerebrali,
1418 1739 1539 1770 tamen
1562 1735 1623 1770 vix
1652 1732 1824 1780 supererit

250 1793 449 1840 supra719
467 1800 581 1842 partes
620 1803 763 1834 earum,
812 1804 897 1841 quas
922 1800 1019 1830 aorta
1052 1792 1267 1830 descendens
1297 1791 1415 1829 avehit
1446 1801 1568 1838 2559.
1637 1790 1718 1828 Sive
1739 1787 1825 1827 'non

250 1853 392 1900 penitus
438 1857 559 1899 quarta
608 1852 761 1888 omnino
802 1863 880 1899 pars
916 1851 1095 1899 sanguinis
1137 1852 1248 1888 totius
1303 1851 1465 1899 corporis
1505 1849 1550 1887 ad
1596 1848 1823 1899 e'ncephalon

251 1912 380 1947 veniet.

310 1967 368 2005 De
401 1979 445 2004 eo
480 1967 649 2015 sanguine
676 1967 829 2016 aliquam
858 1975 993 2017 partem
1022 1969 1153 2005 iterum
1190 1966 1373 2003 detrahere
1414 1973 1583 2014 oportet,
1619 1979 1698 2015 quae
1734 1968 1823 2004 ocu-‘

249 2027 324 2064 ium
355 2026 457 2068 adit,
493 2026 528 2062 δε
555 2027 678 2063 duram
713 2028 931 2074 meningem.
1007 2025 1114 2063 Poffis
1147 2031 1268 2062 tamen
1302 2025 1455 2062 omnino
1505 2026 1542 2060 in
1569 2025 1627 2061 iis
1676 2024 1822 2062 calculis

249 2084 448 2126 subfistere,
503 2086 562 2132 qui
594 2085 776 2133 aliqumto
815 2087 989 2132 majorem
1034 2083 1196 2132 sanguini
1237 2083 1406 2121 cerebtaii
1451 2083 1660 2132 portionem
1706 2082 1817 2126 dant,

1714 2153 1824 2191 quam

292 2263 356 2297 (ρ’)
381 2264 478 2292 secret.
496 2262 583 2290 anim.
618 2271 635 2298 p
666 2271 701 2290 io
711 2271 731 2294 ι.

291 2303 353 2338 (Γ)
387 2304 522 2333 Μὐιύαη.
544 2304 632 2335 mora,
666 2302 691 2330 ί..
708 2301 726 2330 1.
757 2311 780 2330 c.
800 2311 824 2337 3.
848 2311 875 2331 n.
895 2307 941 2335 28.

292 2345 352 2381 ts)
377 2344 452 2374 Alias
469 2352 566 2382 repete
589 2352 623 2372 ex
643 2353 669 2381 p.
691 2352 755 2381 ¹07·
783 2347 848 2376 108.
894 2341 948 2373 Sed
975 2341 1031 2372 istae
1055 2346 1193 2373 accuratae
1221 2350 1287 2373 cum
1316 2340 1369 2371 smt
1386 2362 1395 2378 ,
1429 2339 1543 2379 poss'unt
1574 2339 1709 2373 sufficere.
