1895 2650
469 134 1328 180 SECT.IV.UTILITAS.
1615 149 1690 191 565

114 245 197 271 men
228 229 555 280 antrorsum(m)
603 234 714 279 magis
743 235 949 276 emineant,
1002 246 1109 283 quam
1150 235 1220 272 ulla
1270 234 1332 274 alia
1376 247 1453 285 pars
1505 236 1698 274 retrorsum

112 294 274 334 recedit,
321 289 498 329 contmuo
546 290 645 328 flexis
689 293 724 328 δε
772 292 1029 330 subsidentibus
1084 295 1265 337 articulis,
1324 303 1540 332 everteretur
1595 296 1700 332 cada-

114 363 198 393 ver,
271 351 306 387 &
346 350 544 387 antrorsum
601 351 751 388 caderet.
844 351 990 389 Infinito
1046 353 1412 391 numerosissimorum
1454 354 1699 391 musculorum

119 409 363 446 consentiente
392 410 513 445 labore
539 421 629 457 opus
663 411 733 452 est,
769 417 807 448 ut
832 411 936 448 ereeti
979 424 1045 448 uos
1074 412 1314 450 sustineamus.
1394 411 1466 450 Has
1508 414 1698 462 potestates

114 468 216 505 liceat
255 468 408 504 breviter
435 466 661 506 enumerasse.

174 525 276 563 Pedis
304 538 392 573 ergo
423 529 607 575 utriusque
628 527 756 574 plantae
789 535 909 570 terrae,
954 539 1061 576 quam
1101 529 1321 578 planissime‚
1386 529 1499 568 solent
1532 532 1699 579 imponi:

115 596 160 622 eo
185 584 380 621 firmiorem
407 588 603 633 praebiturae
633 586 842 628 stationem,
877 588 1024 636 quando
1054 589 1275 636 aliquantum
1297 588 1453 631 diduc‘ti,
1498 589 1700 627 extrorsum

116 643 295 681 conversis
333 643 553 686 halluctbus,
598 646 750 694 amplius
787 645 935 693 spatium
975 647 1301 696 comprehendunt.
1382 646 1563 685 Videntur
1604 661 1697 701 unq,

115 704 278 750 inprimis
313 704 459 750 quando
486 704 631 740 firmitas
654 706 844 753 quaeritur,
882 705 1035 742 flexores
1076 707 1276 755 digitorum
1317 706 1416 756 pedis
1445 706 1527 745 suos
1557 707 1694 755 digitos

115 762 159 798 ad
186 770 314 797 terram
350 764 545 808 incuryare.

177 819 271 857 Cum
309 831 395 857 vero
429 833 489 869 pes
535 833 609 858 non
663 820 801 859 medius
833 823 956 859 tibiam
994 823 1143 871 accipiat
1174 823 1401 872 impositam,
1449 824 1508 862 sed
1545 826 1702 862 omnino

116 877 234 916 multo
261 879 374 925 major
403 892 482 930 pars
512 882 666 917 anterior
695 880 733 917 [it
755 892 798 917 eo
824 882 994 924 articulo,
1042 882 1106 925 alia
1133 883 1310 930 posterior
1338 883 1532 921 retrorsum
1571 884 1700 930 educaq

117 931 282 978 turfad
305 937 433 986 pedem
466 946 637 987 tanquam
666 939 708 976 ad
737 939 987 977 fulcimentum
1019 944 1182 989 corporis
1215 944 1262 979 ita
1297 943 1345 979 est
1385 942 1557 979 firmanda
1593 944 1697 985 tibia,

119 1005 160 1032 ur
188 1007 233 1031 ne
264 997 461 1033 antiorsum
490 998 601 1034 cadat.
684 998 721 1035 Id
752 998 790 1033 fit
827 999 1174 1045 gastrocnemiorum
1205 1000 1449 1038 musculorum
1480 1002 1515 1038 &
1555 1000 1694 1038 solearis

116 1065 211 1102 ope,
249 1057 311 1101 qui
338 1057 460 1093 tibiam
494 1056 528 1092 δι
558 1055 674 1094 femur
706 1058 820 1094 imum
855 1057 1046 1096 retrorsum
1079 1059 1282 1101 reducunt,
1333 1072 1378 1097 ne
1405 1060 1605 1098 antrorlum
1625 1059 1705 1109 pos-

127 1111 169 1149 sit
199 1112 380 1150 labascere.

178 1170 291 1208 Porro
345 1172 474 1223 eodem
521 1179 710 1223 tempore,
784 1188 829 1213 ne
881 1176 1072 1215 retrorsum
1115 1176 1304 1216 reducatur
1358 1179 1443 1216 tibia
1490 1178 1701 1227 femurque,

118 1230 155 1267 &
197 1230 389 1270 retrorsum
432 1244 565 1282 corpus
612 1234 743 1270 recidat
775 1233 934 1272 eversum
968 1236 1075 1282 (n),
1128 1237 1330 1274 articulatio
1362 1238 1462 1287 pedis
1497 1250 1580 1275 cum
1619 1238 1704 1276 tibia

116 1288 276 1327 firmatur
320 1303 340 1329 a
377 1291 487 1328 tibiali
533 1294 702 1330 anteriori
747 1294 932 1336 musculo,
981 1306 1142 1344 peroneo
1198 1298 1388 1340 anteriori,
1459 1297 1496 1333 &
1541 1296 1705 1334 extenso-

116 1349 213 1386 ribus
255 1348 455 1397 digitorum
493 1351 529 1387 &
571 1351 748 1394 hallucis,
801 1355 863 1402 qui
901 1355 1052 1397 tibiam,
1107 1364 1282 1404 quantum
1329 1355 1403 1393 satis
1441 1356 1510 1398 est,
1566 1363 1705 1393 antror-

117 1406 194 1445 sum
235 1408 394 1451 ducunt,
441 1409 632 1448 debiliores
669 1412 956 1459 gastrocnemiiS,
1017 1414 1126 1461 quia
1156 1415 1319 1463 corporis
1362 1413 1601 1464 propensione
1644 1414 1706 1452 ad-

117 1467 293 1515 juvantur.
377 1468 432 1505 Ad
479 1469 584 1507 latera
632 1470 805 1514 demum,
858 1484 903 1509 ne
923 1473 1007 1509 tibia
1037 1472 1139 1520 super
1175 1475 1306 1522 pedem
1348 1475 1509 1516 vacillet,
1545 1474 1705 1510 firmatur

119 1526 163 1563 ab
209 1527 339 1563 eodem
376 1526 486 1564 tibiali
525 1530 673 1571 antico,
727 1531 762 1566 δι
795 1543 813 1568 a
840 1531 979 1580 postico
1001 1560 1009 1574 ‚
1069 1533 1105 1568 &
1137 1544 1154 1568 a
1187 1545 1349 1582 peroneo
1392 1544 1556 1580 magno,
1613 1545 1705 1582 aque

121 1584 293 1634 oppositis
350 1588 483 1623 viribus
532 1587 712 1626 flexorum
749 1590 888 1636 pollicis
927 1591 962 1627 Sc
1010 1590 1220 1638 digitorum.
1314 1592 1361 1629 Ita
1400 1593 1484 1629 tibia
1512 1591 1613 1640 super
1642 1604 1705 1640 pe-

120 1644 203 1680 dem
232 1651 387 1693 quatuor
412 1657 449 1681 1n
475 1645 642 1684 lateribus
667 1650 820 1686 immota
849 1647 1057 1691 sustinetur,
1097 1649 1191 1698 quafi
1219 1650 1373 1688 totidem
1402 1662 1447 1688 ex
1478 1650 1647 1688 funiculis
1660 1649 1705 1688 ad

119 1709 248 1740 terram
270 1703 429 1751 undique
458 1703 579 1740 duciis,
1430 1706 1436 1712 ‘

181 1761 274 1799 Cum
304 1773 414 1810 porro
446 1763 482 1798 in
511 1763 620 1800 stante
647 1763 797 1801 homine
821 1764 932 1813 pelvis
953 1761 1144 1814 posteriori
1171 1765 1242 1803 fere
1272 1766 1358 1804 loco
1379 1775 1557 1816 ponatur,
1595 1779 1705 1816 quam

122 1831 232 1869 genu,
261 1827 368 1869 atque
390 1820 526 1858 femora
549 1823 750 1861 antrorsum
780 1823 823 1860 ad
849 1824 1200 1866 tibiasinclinentut‚
1239 1827 1439 1863 cavendum
1454 1827 1527 1869 est,
1562 1838 1606 1862 ne
1630 1826 1705 1875 pel-

121 1882 174 1915 vis
210 1881 246 1916 &
283 1881 420 1916 femora
444 1881 634 1919 retrorsum
666 1882 850 1920 labescant.
916 1881 1012 1919 Vasti
1049 1884 1138 1920 adeo
1163 1883 1336 1926 musculi,
1370 1886 1404 1922 &
1432 1886 1571 1923 cruralis
1593 1885 1700 1931 (ο),

120 1937 238 1975 femur
285 1949 411 1976 contra
445 1941 567 1976 tibiam
600 1952 662 1990 per
699 1944 837 1989 priores
875 1943 964 1978 vires
997 1943 1173 1980 inmotam
1212 1944 1413 1981 antrorsum
1451 1945 1589 1981 ducunt
1622 1945 1704 1981 reti-

124 2006 306 2047 nentque,
352 2011 396 2035 ne
428 1999 531 2048 poffir
561 2011 661 2049 genu
691 1999 803 2044 flecti,
851 2000 1043 2038 retrorsum
1080 2000 1187 2039 ducto
1223 2002 1370 2040 femore.

923 2058 949 2096 B
973 2061 994 2096 b
1028 2060 1048 2096 b
1067 2061 1089 2098 b
1155 2071 1172 2104 3
1547 2059 1704 2111 Opposi-

166 2160 245 2196 (m)
269 2160 411 2191 Cowm
435 2163 470 2192 ad
489 2162 520 2193 T.
543 2167 589 2198 88.
614 2163 687 2196 adde
716 2163 939 2194 HAMBERGRR
953 2174 978 2201 p.
991 2168 1058 2199 642.

165 2203 235 2238 (n)
259 2201 367 2240 Negare
381 2203 491 2233 videtur
509 2204 686 2234 Ronanus
706 2205 738 2236 L.
751 2206 771 2235 l.
804 2215 880 2242 prop.
904 2206 968 2242 136.
1017 2205 1073 2236 Sed
1101 2206 1219 2237 minime
1245 2217 1336 2237 rarum
1357 2208 1406 2242 est,
1435 2206 1582 2236 hominem
1613 2205 1705 2236 subito

125 2242 249 2272 debilem
270 2252 305 2272 ex
331 2243 450 2274 vulnere
478 2253 526 2275 aut
552 2255 587 2275 ex
613 2254 741 2279 terrore,
767 2245 916 2276 retrorsum
937 2246 1046 2282 relabi,
1080 2256 1109 2276 ut
1138 2248 1220 2285 digiti
1266 2249 1389 2285 pedum,
1432 2249 1456 2277 ἃ
1485 2257 1532 2282 ies
1558 2255 1633 2276 totus
1657 2256 1705 2275 an-

125 2283 246 2314 trorsnm
271 2284 420 2317 elevetur,
463 2286 524 2316 calx
550 2286 579 2316 in
608 2294 710 2316 terram
737 2286 911 2324 descendat,
953 2289 1069 2325 occiput
1096 2289 1124 2317 in
1163 2299 1265 2319 terram
1299 2290 1435 2319 illidatur.
1482 2288 1515 2318 ld
1545 2288 1706 2325 impediunt

124 2334 183 2358 eae,
211 2334 279 2361 quas
301 2325 377 2359 dixi,
405 2325 486 2356 vires.

167 2366 202 2399 (o
224 2365 448 2436 ''Robuigssimi
474 2366 743 2404 extensorestibiae,
779 2367 865 2400 sexies
893 2368 1061 2401 lumborum
1089 2369 1235 2401 musculos
1259 2369 1389 2409 superant
1417 2368 1522 2400 viribus
1549 2368 1705 2399 ursion-

129 2415 228 2435 uens
257 2427 264 2435 .
292 2415 318 2444 p.
335 2415 350 2436 2
380 2416 404 2438 r.
