1957 2630
557 108 1304 156 PRAEFATIO.
1667 122 1731 154 tx

192 208 317 254 Nunc
361 206 520 266 quidem
546 206 687 249 videor
723 208 843 257 mihi,
878 222 944 250 me
971 204 1199 262 respondisse
1226 205 1274 248 ad
1303 220 1371 256 ea,
1412 218 1496 263 qum
1525 206 1609 249 sunt
1640 222 1730 249 ana-

136 271 290 313 tomicae
314 269 498 310 ditionis:
525 266 689 309 infinitas
715 282 810 310 vero
845 280 1044 308 contemtu
1077 269 1114 307 &
1138 267 1234 307 odio
1261 265 1482 323 plenissimas
1516 265 1730 310 ALBINI

136 344 255 372 voces
278 330 430 369 intactas
458 327 624 367 dimitto.
678 325 780 368 Boni
818 328 888 367 viri
930 325 1127 367 cariffimus
1158 326 1250 366 mihi
1292 325 1432 382 gradus
1474 327 1551 374 est,
1595 339 1729 368 caetera

137 389 279 431 eodem
310 389 400 428 loco
426 400 508 427 non
541 386 680 427 habeo.
752 384 797 426 ld
833 400 948 427 unum
981 385 1114 433 addo,
1151 398 1234 426 tum
1278 399 1318 426 ut
1351 383 1632 428 ALBINUM
1665 401 1728 426 cx-

137 446 292 495 cusem,
339 459 420 486 tum
443 457 483 486 ut
515 459 604 493 me,
639 442 828 486 summum
860 447 986 485 virum
1031 445 1224 485 nonnullis
1253 444 1634 498 interpretationibus
1654 459 1727 484 vo-

138 521 225 548 cum
256 510 426 547 mearum
455 502 528 546 effe
558 501 754 545 accensum
777 534 788 553 ‚
838 518 922 560 quae
955 504 1093 545 merito
1126 515 1329 559 potuerant
1351 501 1574 558 displicere,
1620 503 1644 544 fi
1675 516 1730 544 ece

137 580 230 607 vere
250 578 315 606 aut
332 564 423 604 mihi
443 561 575 618 elapsae
602 561 774 610 fuissent,
790 576 855 604 aut
875 563 1116 604 auditoribus
1135 563 1251 611 meis,
1275 560 1338 604 sed
1355 575 1438 617 quae
1458 577 1547 604 vere
1564 577 1643 604 non
1663 563 1731 603 fint

138 621 286 680 elapsae.
336 622 392 664 lta
416 635 576 678 oportet
604 624 713 676 patrii
744 620 924 664 sermonis
945 623 1094 677 penitus
1119 620 1193 663 esse
1230 622 1421 670 oblitum,
1465 622 1622 678 quando
1658 636 1731 662 vo-

140 698 224 725 cem
254 686 308 723 dle
335 685 456 731 Lage(
474 686 584 732 29),
606 695 691 736 quae
718 683 918 732 pofitionem
935 712 944 726 ‚
978 684 1015 721 &
1049 682 1125 721 hoc
1151 681 1242 721 loco
1264 684 1495 720 conditionem
1523 680 1701 735 fignificat
1720 710 1731 728 ,

140 756 207 798 per
232 743 373 798 infidias
407 753 539 796 praeter
563 755 719 782 omnem
737 741 981 796 repugnantis
1015 741 1150 795 linguae
1184 741 1425 780 voluntatem
1449 739 1576 781 reddit
1597 772 1605 785 ‚
1657 753 1733 794 qua

139 814 241 842 voce
268 799 292 840 fi
317 797 410 841 'usus
442 799 543 843 foret
576 802 706 841 ametor
728 800 898 840 indicum
920 830 930 847 ,
952 800 1090 854 pariter
1117 813 1191 853 ego
1214 813 1301 840 cum
1334 797 1447 840 ALB
1466 809 1563 841 [No
1603 800 1734 839 horni-

142 874 230 902 nem
264 859 577 901 condemnas-em.
624 857 798 901 Adeone
825 857 956 901 Leidae
983 871 1061 899 etat
1082 872 1222 906 nemo,
1262 872 1377 913 quem
1403 859 1544 912 primus
1575 857 1734 900 AL131=

141 929 248 962 NUs
270 918 319 960 de
352 918 586 958 odiofiffimae
628 919 737 958 vocis
765 913 865 959 sensu
899 915 1135 965 consuleret,
1175 920 1212 957 ὅ(
1249 918 1450 972 oportuit,
1493 931 1580 958 eum
1616 914 1735 971 ipsum

142 974 285 1020 sensum
313 977 406 1018 mihi
437 977 638 1030 imputari,
676 990 762 1016 nam
792 977 955 1032 imputat
985 974 1267 1026 ALBINUS,
1306 990 1392 1017 curn
1410 976 1511 1017 adeo
1531 975 1652 1018 fuisset
1680 975 1736 1017 fa-

143 1037 215 1083 cile
249 1035 409 1085 doceri,
438 1036 531 1078 mite
561 1033 634 1080 effe
660 1038 700 1076 &
731 1036 941 1078 innocuum
973 1035 1220 1080 vocabulum.

202 1143 260 1186 Ita
277 1149 448 1189 minutius
462 1143 540 1185 dixi
557 1148 577 1196 (
596 1148 678 1198 30)
703 1175 714 1194 ,
741 1142 781 1186 A
795 1155 819 1186 L
834 1153 1019 1187 BINUM
1037 1143 1209 1201 quaedam
1228 1141 1300 1185 effe
1313 1140 1549 1200 persecutum
1569 1174 1578 1191 ,
1605 1143 1736 1185 lauda-

144 1216 250 1247 turus
261 1204 424 1246 studium
438 1235 447 1250 ‚
463 1201 617 1259 ipseque
635 1216 740 1249 totus
751 1204 861 1247 locus
875 1201 1006 1246 suadet
1021 1234 1033 1254 ,
1068 1217 1109 1246 ut
1125 1204 1177 1244 ita
1200 1204 1358 1260 legatur.
1395 1200 1475 1259 Ipse
1493 1207 1664 1244 minutias
1686 1205 1738 1244 le-

144 1264 202 1321 git
222 1293 234 1313 ,
268 1263 500 1322 typographi
532 1263 644 1310 vitio,
859 1269 864 1271 ’

206 1370 364 1416 Retinae
403 1373 664 1416 membranam
693 1369 923 1414 vasculosam
947 1386 1026 1413 non
1048 1371 1128 1413 dixi
1151 1385 1319 1427 unquam
1354 1369 1698 1423 RUYsCH10(31
1721 1376 1738 1421 )

146 1432 196 1473 ab
228 1430 455 1473 ALBINO
487 1430 704 1485 subreptam
737 1431 868 1473 fuisse:
913 1445 961 1473 ex
977 1431 1073 1474 boni
1100 1427 1195 1471 senis
1230 1430 1392 1471 vocibus
1427 1434 1536 1473 unice
1567 1431 1741 1480 ostendi,

147 1504 233 1533 eam
263 1487 492 1532 vasculosam
516 1490 777 1530 membranam
815 1491 855 1529 in
885 1492 1033 1539 Epistola
1053 1487 1163 1533 Xffl.
1190 1490 1344 1545 reperiri
1365 1492 1445 1543 (32
1467 1493 1500 1542 ),

151 1658 164 1703 1
192 1600 388 1714 Ιέἷῖαὲςς
409 1598 451 1709 )),
480 1610 530 1640 ex
567 1596 707 1653 quibus
727 1596 971 1640 involucrum
1004 1598 1114 1654 penis
1153 1598 1325 1647 constat,
1370 1594 1454 1644 sunt
1495 1610 1622 1641 textus
1665 1599 1742 1640 cel-

168 1672 188 1699 u
208 1672 232 1699 0
250 1672 292 1700 us
346 1673 400 1716 34
442 1688 452 1698 .

210 1767 369 1810 Ρὶεὲἶης,
395 1779 467 1815 qztae
490 1780 534 1806 ex·
556 1766 719 1818 chylifero
741 1775 868 1807 exeunt
889 1769 910 1818 (
932 1782 980 1820 35
1005 1770 1021 1816 )
1040 1797 1053 1815 ,
1085 1765 1176 1808 citat
1198 1763 1238 1807 A
1253 1777 1313 1810 LB
1328 1777 1384 1807 IN
1397 1778 1469 1810 υς.
1517 1759 1667 1808 Aridior
1685 1766 1743 1807 in-

148 1822 279 1866 'dicum
318 1824 359 1866 id
396 1823 621 1879 chyliferum
657 1837 784 1866 totum
815 1823 971 1880 systema
1003 1840 1052 1867 ne
1095 1826 1218 1867 verbo
1236 1825 1402 1881 ,quidem
1445 1827 1585 1882 tetigit.
1634 1824 1745 1867 Coni

152 1882 335 1924 vasculofi
363 1881 472 1931 sunt,
500 1883 566 1937 qui
594 1898 640 1925 ex
671 1886 768 1931 teste,
813 1886 921 1937 [dem
943 1885 1096 1936 geilen]
1129 1884 1337 1939 prodeunt.
1412 1883 1529 1931 Nihil
1580 1899 1674 1940 ergo
1715 1886 1745 1924 is

153 1943 285 1988 aurstor
312 1943 406 1985 meis
435 1942 474 1982 in
503 1941 635 1987 duetus
661 1943 845 1988 thoracici
885 1943 1063 1986 iconibus
1095 1942 1294 1994 laudavit,
1339 1958 1433 2001 quas
1471 1958 1516 1987 ea
1546 1943 1747 1987 occasione

1679 2002 1748 2044 fibi

335 2108 389 2139 .V.
420 2117 449 2148 p.
470 2117 561 2144 φεῖ.

342 2149 399 2179 .V.
425 2160 444 2187 p
469 2153 506 2179 66

267 2109 303 2146 γ

268 2150 291 2267 )))
367 2173 451 2220 ΜΝ.-
470 2172 539 2220 ibi'd.
564 2199 590 2227 p.
610 2192 660 2228 67.

242 2199 258 2263 ξ
332 2201 385 2259 ..LV
410 2240 436 2268 p.
464 2238 511 2268 75.
535 2233 583 2266 8⁶·

246 2280 266 2306 4
278 2272 291 2307 )
326 2271 477 2302 Fadichtes
491 2271 615 2301 Gmebe.

249 2322 263 2347 ,ς

280 2312 293 2348 )
318 2310 350 2342 L.
368 2310 400 2342 v.
424 2321 453 2350 p.
471 2320 518 2350 95.
536 2315 585 2350 9⁶.

215 2367 343 2409 Haller
373 2368 564 2419 Phyfiolog.
637 2368 746 2412 Tom.
783 2369 857 2410 IV.
1252 2371 1280 2420 b

224 2117 260 2146 30

229 2159 263 2186 3¹

223 2199 234 2226 3

225 2240 237 2268 3

230 2280 240 2304 1

230 2320 242 2348 3

195 2108 214 2347 ΑΛΑΛΛΑ
