1885 2650
180 131 297 186 '526
416 135 571 175 LIB.
621 135 701 174 XI.
768 134 1062 177 MOTUS
1122 133 1570 181 ANIMALIS.

270 231 311 269 Id
346 231 462 269 fuerat
483 232 519 267 in
552 231 721 274 arbitrio,
774 242 849 268 non
879 230 1014 269 sumere
1049 232 1199 268 vinum:
1260 243 1336 268 non
1369 231 1498 272 habere
1536 247 1603 283 pro
1646 246 1781 284 magno

210 291 325 333 malo,
366 302 444 338 quae
467 290 570 326 nobis
594 297 718 326 contra
750 289 963 338 dignitatem
986 289 1212 335 offeruntur3
1256 291 1411 328 obruere
1449 293 1618 341 possimus
1646 296 1680 331 id
1711 307 1784 332 ma-

209 349 285 386 lum
308 348 567 398 aequilibrando
602 359 687 386 cum
715 360 758 386 eo
789 348 907 391 malo,
962 348 1062 397 quod
1091 359 1135 385 ex
1171 350 1220 386 ira
1245 348 1341 397 sequi
1367 357 1426 388 aut
1446 354 1535 389 ratio
1558 354 1689 396 docet,
1726 360 1786 392 aut

209 408 338 455 religio
369 408 538 445 minatur.

270 465 432 511 Quando
466 464 572 503 semel
607 467 708 503 nervi
732 465 843 502 emoti
882 465 980 508 sunt,
1037 472 1098 503 aut
1122 477 1140 502 a
1173 466 1246 502 vini
1268 477 1420 514 vapore,
1479 475 1538 506 aut
1565 482 1582 506 a
1608 470 1705 509 sensu
1731 472 1787 510 of.

207 525 311 563 fensae
344 531 520 572 acceptae,
562 536 637 560 non
666 524 744 572 plus
779 524 827 560 est
862 526 900 561 1¹11
932 525 1048 561 anima
1077 525 1231 566 arbitrii,
1276 536 1350 572 quo
1399 538 1462 562 cor
1499 535 1594 565 vetet
1633 530 1781 569 celerius

209 584 326 625 salire,
377 595 486 633 quam
524 583 572 619 est
598 585 635 619 in
660 583 809 619 homine
838 582 920 620 sano
946 584 980 619 ὃς
1012 584 1157 630 quieto,
1203 583 1342 620 nullum
1376 597 1505 633 nempe
1539 590 1692 625 omnino
1724 587 1782 627 est.

207 641 396 680 Possumus
429 641 629 690 impedire,
666 653 710 677 ne
740 643 867 678 animae
898 641 1053 678 adfestu3
1086 643 1124 678 in
1154 644 1259 678 nobis
1306 641 1485 680 nascatur:
1539 646 1684 693 quando
1727 660 1788 686 na-

207 708 263 740 tus
301 701 369 744 est,
408 702 483 747 ejus
512 700 603 737 socia
636 701 672 736 in
702 712 855 748 corpore
884 701 1122 747 phaenomena
1147 698 1311 737 inhibere
1348 713 1423 738 non
1452 701 1646 751 possumus.

268 760 363 804 Qiae
395 761 431 795 in
464 761 513 795 ira
539 759 627 796 fiunt
648 787 657 800 ,
701 771 738 796 ea
767 761 889 795 onmia
914 762 951 795 in
984 759 1115 800 corde,
1159 758 1305 807 hepate,
1330 759 1422 802 bile,
1471 761 1582 805 facie,
1622 765 1785 804 universo

207 830 388 866 corpore,
413 817 515 854 nullo
547 816 695 854 consilio
719 818 862 860 nostro,
906 817 1006 854 nullo
1040 817 1226 867 proposito
1257 818 1349 860 fine,
1395 823 1588 858 temerariis
1634 826 1788 863 omnino

207 878 367 914 motibus
399 887 644 925 peraguntur,
677 876 781 927 plane
807 877 859 914 uti
885 889 902 913 a
934 877 1044 913 nimia
1073 878 1108 913 vi
1136 878 1209 913 vini
1246 876 1369 914 fimilia
1420 890 1496 916 non
1532 881 1693 919 obnoxia
1737 896 1791 921 ra-

207 937 318 976 tioni,
358 935 414 972 sed
443 937 619 972 contraria
650 934 877 984 sequuntur(
899 935 955 981 q).
1024 934 1093 972 Sed
1131 936 1236 972 etiam
1261 943 1378 978 tunc,
1420 939 1567 986 quando
1598 952 1643 978 ex
1677 942 1788 980 animi

206 994 345 1032 adfeelu
385 1005 448 1031 cor
482 993 730 1031 vehementius
758 993 831 1031 salit
851 1021 861 1036 ,
901 996 1115 1031 etiamtunc
1150 994 1223 1031 salit
1247 1003 1374 1042 praeter
1397 996 1642 1035 voluntatem:
1696 1000 1788 1038 Non

207 1053 426 1102 impellimus
455 1052 490 1089 id
518 1052 676 1089 volendo
694 1080 703 1094 ,
754 1059 792 1089 ut
818 1053 931 1089 acrius
957 1054 1084 1094 micet,
1114 1064 1225 1101 eaque
1242 1054 1363 1090 omnia
1380 1081 1390 1095 ,
1439 1066 1518 1103 quae
1542 1058 1585 1093 ab
1602 1059 1651 1095 ira
1672 1057 1784 1101 fiunt,

206 1112 361 1160 pleaque
396 1119 520 1148 contra
550 1111 771 1148 voluntatem
790 1139 799 1153 ,
833 1112 1116 1158 repugnantibus
1148 1113 1250 1148 nobis
1281 1112 1371 1148 fiunt
1395 1113 1431 1149 &
1464 1115 1594 1153 invitis.

267 1169 378 1207 Vides
412 1170 600 1206 hominem
637 1170 709 1206 vini
729 1181 909 1206 venenum
945 1181 989 1205 ex
1026 1169 1211 1207 voluntate
1245 1170 1390 1208 bibere:
1439 1183 1484 1209 ex
1528 1174 1687 1223 ejusdem
1727 1177 1793 1216 vo.'

205 1229 350 1267 luntatis
381 1230 533 1277 imperio
566 1240 745 1266 venenum
766 1228 853 1265 ideae
885 1229 1037 1266 inimicae
1083 1229 1295 1267 admittere:
1349 1241 1388 1267 ea
1419 1243 1527 1276 vero,
1580 1246 1660 1284 quae
1691 1247 1709 1272 a
1736 1239 1787 1273 vi-

206 1299 282 1330 no,
319 1288 355 1324 δε
378 1289 421 1325 ab
451 1300 490 1325 ea
516 1287 593 1325 idea
621 1288 657 1324 in
689 1290 799 1325 corde
835 1297 972 1324 mutato
996 1287 1108 1330 fiunt,
1167 1300 1205 1326 ea
1248 1291 1370 1326 omnia
1401 1298 1528 1339 praeter
1563 1294 1788 1333 voluntatem

206 1345 366 1385 evenisse.

264 1405 396 1452 Neque
434 1407 538 1443 unice
565 1405 741 1443 voluntati
771 1405 858 1442 nihil
891 1406 939 1442 est
964 1406 1001 1443 in
1031 1418 1094 1445 cor
1141 1406 1379 1450 austoritatis,
1423 1409 1563 1448 nullum
1596 1413 1701 1449 etiam
1738 1412 1790 1450 est

206 1463 286 1512 ipsis
310 1466 448 1507 n2rvis,
493 1477 555 1514 per
580 1477 672 1513 quos
706 1467 832 1502 animae
856 1466 1003 1513 imperia
1037 1465 1129 1502 solos
1172 1466 1207 1503 δι
1252 1467 1289 1503 in
1318 1479 1444 1505 omnes
1473 1469 1653 1508 musculos
1691 1470 1788 1508 defe-

205 1534 342 1561 runtur.
408 1523 453 1560 Iis
487 1526 583 1561 enirn
609 1521 750 1561 irritatis
773 1524 860 1573 (r)
890 1524 1010 1562 cordis
1045 1531 1168 1562 motus
1203 1536 1280 1562 non
1320 1524 1527 1570 suscitatur,
1574 1527 1691 1578 ligatis
1715 1529 1786 1579 (s)

206 1593 282 1619 non
316 1581 464 1619 tollitur.

264 1639 377 1677 Nunc
404 1641 466 1682 vis,
501 1651 579 1689 quae
608 1651 736 1677 nervos
765 1640 899 1682 irritat,
933 1639 1051 1678 multo
1070 1641 1173 1678 omni
1201 1642 1236 1679 vi
1260 1641 1458 1681 voluntaria
1478 1643 1607 1683 fortior
1627 1642 1700 1697 (t)
1723 1647 1784 1691 est,

206 1710 314 1747 quam
338 1698 504 1735 facillime
529 1698 690 1747 superet,
727 1699 763 1735 δι
797 1697 998 1735 musculum
1022 1698 1030 1707 “’
1057 1700 1249 1736 arbitrariae
1287 1699 1394 1737 classis
1434 1709 1542 1751 cogat
1585 1703 1787 1744 invitiffima

205 1756 390 1794 voluntate
423 1755 618 1807 contrahi(
638 1769 661 1792 u
681 1757 708 1802 ).
772 1755 815 1794 Et
830 1763 950 1794 tamen
973 1758 1116 1809 ea-vis,
1147 1758 1186 1795 in
1213 1769 1326 1797 nervo
1357 1759 1475 1798 cordIs
1505 1761 1664 1807 exserta,
1695 1764 1788 1803 nihil

205 1817 245 1852 in
274 1815 391 1854 cordis
424 1823 528 1854 motu
552 1822 674 1854 mutat.

1721 1929 1786 1968 Per

247 2089 312 2129 (q)
343 2089 387 2120 Ill.
411 2089 597 2121 WERLHOF
617 2090 674 2122 obs.
698 2092 731 2121 de
742 2089 841 2129 fialwib.
876 2101 904 2129 p.
920 2099 986 2129 307.
1109 2128 1111 2131 .

246 2130 308 2166 (r)
331 2130 361 2160 L.
381 2130 428 2161 IV.
458 2140 486 2168 p.
509 2138 573 2168 383.
597 2132 662 2167 ³84·
703 2133 810 2162 Second
835 2132 928 2163 Mem.
948 2141 976 2170 p.
996 2140 1061 2170 390·
1116 2131 1287 2166 CALDANI
1324 2133 1411 2168 Lettr.
1433 2135 1455 2168 Ι.
1494 2136 1568 2170 Lett.
1585 2136 1619 2170 Π.
1665 2147 1696 2179 p.
1711 2142 1785 2179 4706

204 2170 385 2201 FONTANA
405 2181 431 2208 p.
450 2180 516 2207 2¹3.
533 2181 600 2208 230.
644 2172 762 2202 Rosea
790 2183 817 2212 p.
835 2181 882 2211 23-
900 2182 946 2209 24.

245 2211 305 2247 (ς)
331 2212 501 2241 CALDANI
532 2223 560 2250 p.
579 2223 642 2248 149.
683 2213 776 2244 LIV.
803 2223 829 2252 pl
850 2214 921 2251 463.

244 2252 304 2287 (t)
332 2253 482 2282 anrr
496 2254 574 2283 vital.
592 2260 660 2283 mot.
682 2264 709 2291 p.
723 2263 770 2285 αι.
788 2263 839 2294 23.
870 2255 902 2287 L.
915 2253 963 2287 IV.
993 2263 1024 2294 p.
1039 2257 1108 2293 4⁶¹·
1124 2258 1192 2293 462.

245 2292 310 2330 (u)
337 2293 525 2326 SPENGLER
544 2293 613 2334 epgst.
636 2305 665 2333 p.
684 2304 729 2333 53.
