1905 2640
237 102 312 141 138
514 94 669 133 LIB.
716 93 762 132 X.
826 91 1201 133 CEREBRUM
1248 91 1329 132 ET
1375 92 1596 135 NER'VI.

233 201 328 236 penu
356 201 400 226 ex
433 191 578 228 cervicis
607 190 741 226 arteriis
769 188 998 238 suppleretur.
1064 186 1160 236 Ergo
1181 194 1250 226 tres
1278 189 1510 233 arteriarum,
1542 188 1587 227 ad
1611 188 1806 228 medullam

230 248 396 296 spinalem
427 249 707 297 pertinentium,
744 247 880 289 classes,
916 247 951 283 hi
974 249 1090 283 trunci
1125 255 1307 294 generant.

291 307 435 344 Arteriae
460 307 606 343 medullae
630 305 764 353 spinuli
790 305 850 354 ipfi
870 306 990 342 dicatae
1028 307 1155 353 pariter
1186 308 1378 343 anteriores
1417 306 1489 342 adice
1520 306 1625 349 sunt,
1671 307 1706 344 &
1736 319 1809 344 ma-

230 366 455 413 jores(r)‚
511 377 705 402 nervorum
742 367 892 402 comites
938 365 1187 409 anteriorum3
1238 365 1310 402 aliae
1347 365 1559 413 posteriores
1591 365 1688 413 (s),
1734 377 1814 414 quae

230 435 312 460 cum
347 423 454 461 averfl
491 424 607 461 lateris
636 425 754 460 nervis
777 424 981 461 adveniunt.
1051 423 1092 460 ld
1142 422 1329 460 discrimen
1374 423 1548 473 superest,
1593 436 1698 472 quarn
1726 424 1813 461 lon-

226 484 399 530 gum(t)
456 483 691 530 ligamentum
716 482 973 520 denticuiatum
1000 482 1069 524 est,
1129 481 1219 518 infra
1247 483 1343 519 enim
1372 482 1562 520 secundam
1594 482 1811 521 lumborum

229 542 427 578 vertebram
457 543 584 579 unicus
617 554 697 578 cum
725 553 871 590 quoque
899 552 1010 577 nervo
1041 552 1157 577 ramus
1185 540 1351 577 advenire
1380 540 1487 583 solet,
1530 551 1589 579 aut
1618 548 1739 585 cette,
1786 541 1811 578 fi

226 600 300 636 duo
328 600 431 642 sunt,
470 603 655 637 anterioris
685 602 720 637 ἀ
751 600 953 648 posterioris
984 611 1118 635 nomen
1152 598 1240 636 ferre
1269 608 1464 648 nequeunt.
1528 599 1733 638 Anteriores
1769 603 1806 637 in

227 659 324 696 collo
354 659 576 707 frequentius
615 658 787 696 arteriolae
814 671 832 695 a
860 658 1046 695 vertebrali
1079 659 1154 702 (u)
1172 685 1181 698 ‚
1250 658 1380 694 deinde
1420 671 1438 694 a
1466 657 1672 706 thyreoidea
1694 659 1805 705 (x),

223 719 303 754 imae
328 729 346 754 a
376 719 540 754 cervicali
561 717 740 766 profunda
765 718 843 764 (y)
862 745 871 759 ‚
906 724 965 754 aut
981 729 999 753 a
1020 718 1135 765 prima
1153 717 1367 753 intercostali
1385 716 1465 765 (z)
1491 718 1668 755 oriuntur.
1705 717 1808 755 idem-

223 776 267 813 de
292 777 548 823 posterioribus
574 777 724 813 obtinet.

282 834 321 871 In
361 835 467 872 dorso
514 835 636 872 eadem
682 833 846 870 medullae
889 832 1028 882 spinalis
1067 833 1193 870 arteria
1224 833 1267 869 ab
1323 832 1604 871 intercostalibus
1644 834 1807 884 undique

221 895 389 942 provenit
409 895 509 941 (a),
558 903 635 932 tum
663 894 707 930 ab
744 893 904 941 suprema
929 891 1029 940 (h),
1082 903 1190 940 quam
1224 892 1282 928 dat
1310 890 1483 929 subclavia
1502 920 1510 933 ‚
1546 900 1623 929 tum
1648 895 1692 930 ab
1725 906 1805 930 aor-

221 952 405 998 ticis(c)‚
461 965 577 1002 exque
612 964 733 990 earum
765 951 891 988 dorsali
923 951 1140 998 ramo(d>.

282 1012 321 1048 In
352 1012 484 1049 lumbis
515 1012 648 1049 arteriae
671 1009 843 1048 lumbales
862 1009 935 1057 (e)
970 1021 1087 1046 ramos
1109 1037 1118 1051 ‚
1170 1020 1289 1057 neque
1316 1008 1569 1058 inconspicuos
1590 1038 1599 1051 ,
1646 1009 1688 1047 ad
1719 1022 1794 1048 me-

218 1070 350 1108 dullam
386 1072 558 1108 mittunt:
594 1071 664 1106 ima
696 1069 900 1118 frequenter
929 1069 972 1105 ab
1000 1066 1214 1106 iliolumbali
1245 1067 1302 1104 est.

278 1129 313 1166 ln
345 1129 440 1166 sacro
467 1128 538 1166 oss'e
563 1129 696 1166 eaedem
724 1128 857 1165 arteriae
878 1139 896 1163 a
921 1126 1021 1164 sacris
1038 1125 1103 1177 (s)
1132 1125 1346 1168 nascuntur,
1382 1138 1466 1175 quas
1495 1126 1576 1163 anas
1594 1132 1691 1163 aorta
1708 1128 1793 1169 ima,

216 1188 321 1229 alias,
367 1189 401 1224 δε
441 1189 683 1236 frequentius,
720 1185 960 1236 hypogastrici
988 1186 1106 1224 trunci
1140 1184 1274 1228 edunt,
1310 1185 1347 1222 &
1369 1196 1521 1234 quarum
1546 1186 1708 1234 origines
1742 1198 1801 1224 rea

216 1247 302 1284 erius
329 1259 412 1285 curn
444 1247 525 1284 vasis
553 1247 667 1295 pelvis
699 1246 873 1283 dicentur.

272 1306 346 1343 Ima
362 1336 371 1350 ‚
411 1308 473 1342 imi
502 1307 600 1343 nervi
621 1317 754 1346 comes,
787 1304 836 1341 est
861 1315 880 1341 a
904 1315 1085 1353 coccygea
1102 1331 1112 1346 ,
1147 1314 1225 1352 quae
1253 1302 1289 1340 &
1318 1301 1388 1352 ipsa
1405 1301 1648 1352 hypogastrici
1673 1305 1796 1343 trunci

210 1366 370 1413 ramique
398 1364 672 1412 ejusischiadici
703 1364 895 1411 progenies
925 1362 982 1399 est.

274 1423 361 1460 Non
384 1424 531 1461 cuilidet
564 1423 754 1460 intervallo
785 1422 881 1460 suam
908 1419 995 1463 effe,
1033 1420 1092 1458 sed
1114 1417 1325 1470 omninogin
1337 1419 1442 1458 dorso
1460 1419 1674 1469 posteriores
1692 1427 1790 1464 tres,

208 1485 367 1532 quinque
386 1483 396 1523 (
414 1483 491 1530 g),
530 1481 665 1531 septem
694 1481 745 1528 (h
762 1478 777 1531 )
796 1487 935 1520 certum
953 1480 1011 1518 est.
1074 1478 1281 1519 Anteriores
1296 1491 1563 1531 nonnunquam
1590 1479 1670 1523 duae
1687 1481 1760 1529 (i)
1774 1508 1789 1522 ‚,

1713 1545 1788 1577 tres

333 1823 470 1884 &tigrim
500 1851 562 1882 fasc.
578 1850 635 1881 VH.
664 1852 717 1882 tab.
734 1861 760 1886 4.
781 1852 808 1882 k.
837 1852 961 1882 anterior
988 1854 1044 1885 tab.
1066 1864 1092 1893 5.
1112 1852 1175 1887 ⁹2³}-

297 1895 310 1930 )
332 1894 400 1923 ibid.
426 1894 464 1931 Q.
478 1893 515 1922 X.
538 1892 683 1931 posterior.
711 1894 864 1924 anteriores
879 1905 902 1922 τ.
916 1899 946 1926 Φ-

300 1936 311 1970 )
339 1934 408 1964 lbid.
434 1944 460 1963 n.
477 1944 502 1963 ο.
527 1934 626 1972 poster.

294 1977 306 2007 )
340 1974 406 2004 rab.
425 1984 452 2011 4.

296 2016 309 2052 )
337 2014 408 2044 lbid.
432 2025 451 2044 r.
482 2014 551 2052 post.

292 2058 305 2088 )
338 2055 410 2086 Tab.
432 2057 489 2092 4&
511 2063 538 2092 ς.
924 2068 926 2071 ·
1465 2058 1493 2080 0

298 2096 310 2132 )
333 2095 435 2125 Fafcic.
451 2094 528 2124 vill.
554 2106 580 2133 p.
598 2099 644 2131 65.
667 2096 721 2126 &c.

293 2139 306 2170 )
331 2135 496 2166 Posteriores
522 2142 540 2165 t.
561 2146 589 2170 4.
632 2137 793 2166 Anteriores
821 2143 841 2168 t.
859 2142 887 2174 ς.

288 2180 301 2215 )
324 2177 358 2206 T.
373 2186 400 2214 4.
429 2177 499 2214 post.
530 2178 557 2206 &
576 2182 595 2206 t.
616 2187 639 2213 ς.
664 2184 755 2209 anter.

289 2220 302 2255 )
326 2228 352 2256 p.
373 2221 418 2248 16.

296 2261 307 2295 )
331 2269 357 2296 p.
377 2261 417 2288 16.
441 2258 516 2288 icon.
537 2257 586 2286 cit.

283 2300 296 2338 )
324 2309 354 2338 p.
369 2309 415 2336 15·
433 2301 479 2329 ιε.
509 2299 536 2329 &
551 2298 580 2327 in
600 2298 634 2328 ic.
