1885 2650
208 131 289 172 506
502 125 647 167 LIB.
684 128 768 167 XI.
842 128 1084 169 MOTUS
1138 127 1493 169 ANIMALIS.

263 220 313 258 Ita
345 221 524 260 musculus
557 224 745 261 obturator
772 225 930 262 internus
955 236 999 262 ex
1031 226 1168 263 ambitu
1202 224 1250 263 sui
1276 225 1458 262 foraminis
1489 229 1589 263 natus
1612 251 1622 266 ,
1656 223 1701 260 ita
1717 234 1779 261 ex-

202 280 354 317 trorsum
385 282 550 323 incedit,
590 293 628 320 ut
658 284 774 321 femur
810 283 959 321 insertus
988 284 1179 322 introrsum
1216 285 1363 322 duceret
1451 282 1561 321 Nunc
1590 281 1777 320 reflettitur

201 339 292 375 circa
317 352 487 388 magnum
509 343 541 378 Sc
571 341 786 379 levissimum
811 341 890 379 offis
910 343 1006 379 istliii
1031 344 1187 384 sulcum,
1233 346 1516 391 marginemque,
1543 344 1576 378 ὃ(
1596 343 1778 378 contrario

203 397 308 436 ductu
331 399 412 445 (q)
442 400 488 436 ita
510 401 701 438 introrsum
731 401 905 443 flectitur,
954 410 992 438 ut
1017 415 1087 439 una
1128 414 1210 439 cum
1249 401 1446 444 sodalibus,
1497 403 1662 439 nondum
1691 412 1778 438 enu-

200 459 370 501 meratis,
417 456 532 496 femur
563 468 673 497 vertat
708 461 905 497 extrorsum
926 460 1012 507 (ν).

260 515 336 564 lpse
366 517 463 554 oculi
509 519 642 566 globus
683 518 738 556 sua
772 521 1000 556 convexitate
1041 520 1076 556 id
1107 517 1242 567 praestat
1265 518 1449 561 musculis,
1501 529 1532 556 v.
1557 530 1585 556 c.
1616 515 1779 556 levatori-

201 574 267 611 bus
295 575 396 622 (5),
434 584 472 613 ut
506 580 596 614 circa
623 581 817 615 maximam
850 578 1063 615 diametrum
1094 578 1195 626 globi
1232 578 1351 615 reflexi
1386 578 1622 620 descendant,
1672 585 1778 625 atque

201 634 347 670 oculum
386 634 528 673 elevent
577 637 851 686 palpebrtimve,
904 639 1009 674 unice
1051 637 1244 674 retrorsum
1299 637 1464 680 dudan,
1525 636 1588 674 nifi
1638 648 1676 673 ea
1724 646 1778 672 ars

197 691 392 731 accessisset.

259 751 378 798 Magis
403 752 600 801 composita
638 753 766 791 fabrica
796 753 864 797 est,
901 753 1047 804 quando
1071 762 1196 803 praeter
1224 753 1360 792 sulcum
1398 753 1460 791 ossi
1502 752 1705 804 impressum
1734 763 1778 789 ex

199 808 397 856 ligamento
451 812 486 848 ὃς
516 813 719 860 cartilagine
772 814 899 850 candus
937 814 1175 864 exsculpitur,
1230 825 1432 862 perquem
1483 816 1594 851 tendo
1635 812 1779 848 mobilis

202 867 340 912 transit,
377 870 531 920 indeque
569 879 707 909 mutato
748 874 872 909 itinere
906 883 1029 909 contra
1055 873 1233 921 originem
1270 872 1364 910 suam
1391 875 1587 910 revertitur.
1650 870 1780 908 Exem-

199 926 300 975 plum
331 928 378 964 est
405 930 440 966 in
463 930 616 978 obliquo
655 930 765 967 oculo
802 932 974 979 superiori
997 933 1075 979 tt).

260 986 353 1023 Alias
381 1000 454 1025 non
489 990 636 1036 quidem
667 999 886 1027 contrarium
907 1018 915 1031 ‚
953 989 1128 1026 diversum
1171 997 1291 1027 tamen
1336 988 1402 1027 iter
1447 991 1572 1026 ineunt
1600 986 1776 1030 musculi,

199 1045 287 1082 dum
317 1048 408 1083 circa
443 1049 673 1084 eminentiam
710 1050 862 1096 aliquini
900 1047 1028 1085 osseam
1078 1049 1299 1086 circumflexi
1333 1050 1440 1086 alium
1490 1060 1586 1085 nunc
1632 1046 1778 1083 ductum

198 1104 403 1153 sequuntur.
469 1105 518 1142 lta
552 1106 730 1143 musculus
769 1108 886 1144 mallei
923 1109 1082 1143 internus
1122 1119 1184 1155 per
1210 1108 1344 1144 sulcum
1375 1107 1418 1142 ab
1456 1105 1692 1142 exterioribus
1726 1105 1780 1140 in-

198 1162 351 1200 trorsum
373 1164 582 1201 tendentem
613 1166 658 1201 ita
684 1165 842 1208 incedit,
878 1174 918 1202 ut
956 1165 1123 1202 malleum
1156 1165 1356 1202 antrorsum
1370 1165 1525 1201 duceret.
1591 1164 1700 1201 Nunc
1720 1161 1780 1200 ha-

198 1222 338 1259 mulum
370 1222 541 1265 ofi'endit,
585 1225 677 1260 circa
712 1235 821 1272 quem
854 1225 965 1262 teudo
1000 1223 1153 1262 inflexus
1198 1223 1399 1262 extrorsum
1423 1235 1521 1261 nune
1551 1222 1692 1265 tendit,
1740 1220 1777 1258 ὃς

197 1280 365 1319 malleum
398 1282 591 1319 introrsum
626 1282 725 1320 ducit
756 1284 847 1331 (u).

442 1393 475 1435 ἓ.
504 1387 650 1427 XLII.
719 1390 825 1429 Vires
856 1389 1045 1439 compofitae.
1111 1387 1343 1441 Autrigom'stae
1373 1389 1526 1440 musculi.

1748 1430 1786 1454 N

255 1494 462 1535 Maximum
486 1499 616 1535 virium
649 1499 935 1547 compendium,
983 1510 1062 1548 quae
1084 1511 1103 1537 a
1129 1499 1246 1536 nervis
1287 1499 1486 1541 accedunt,
1535 1486 1677 1536 vsdetur
1710 1494 1778 1534 effe

197 1555 234 1591 in
268 1557 510 1604 gubernandis
539 1557 704 1594 musculis
733 1559 965 1606 antagonistis
986 1557 1077 1605 (x).
1144 1557 1252 1595 Nulla
1279 1569 1411 1606 nempe
1448 1560 1485 1594 in
1521 1568 1675 1605 corpore
1713 1555 1780 1593 hu-

197 1625 307 1651 mano
331 1617 381 1651 vis
412 1616 459 1651 est
482 1615 697 1657 musculosa,
733 1619 790 1653 cui
822 1617 885 1653 alia
920 1618 1096 1652 contraria
1129 1628 1205 1652 non
1250 1617 1443 1653 obnitatur.
1519 1615 1615 1657 Cor,
1647 1614 1778 1662 aliique

198 1675 274 1709 cavi
306 1673 467 1716 musculi,
496 1676 568 1711 vini
590 1673 850 1711 distendentem
869 1702 879 1716 ‚
920 1675 954 1710 ἃ
983 1675 1153 1722 ponderis
1183 1675 1333 1715 nixum,
1380 1667 1418 1710 &¹
1448 1674 1675 1711 resistentiam
1705 1672 1780 1708 san-

197 1733 343 1780 guinis,
379 1744 500 1781 aquae,
557 1733 656 1773 lotii,
689 1734 798 1775 aeris,
849 1733 978 1769 faecum
1015 1731 1147 1769 habent
1202 1731 1424 1781 superandas.
1488 1732 1777 1771 Intercostalibus

197 1791 364 1828 musculis
385 1791 491 1828 elater
512 1791 582 1840 ipse
615 1791 792 1829 costarum
822 1792 996 1829 renititur.
1061 1790 1210 1830 Pondus
1239 1792 1363 1841 capitis
1394 1791 1623 1842 aliorumque
1635 1798 1778 1828 artuum

197 1849 412 1889 levatoribus
444 1851 479 1887 &
510 1849 754 1889 extensoribus
785 1849 916 1889 resistit.

1612 1922 1777 1975 Plerique

237 2077 300 2115 (q)
330 2078 518 2109 Winsmw
543 2089 568 2110 n
580 2089 647 2118 909.
678 2086 713 2110 tr
737 2081 782 2109 des
806 2091 836 2111 os
850 2077 910 2120 fies
938 2088 965 2110 n.
984 2078 1054 2116 690.
1084 2077 1149 2109 vide
1165 2079 1291 2110 ΑιΒῐΝ.
1323 2077 1360 2111 T.
1377 2081 1404 2110 6.
1425 2088 1463 2110 w.
1476 2088 1503 2117 y.
1523 2086 1549 2109 z.
1569 2084 1589 2109 t.
1604 2087 1631 2118 7.

237 2117 277 2152 (r
328 2119 448 2148 Wms·
442 2130 510 2149 tow
534 2122 670 2156 n.1084.
711 2121 793 2152 Conf.
828 2122 949 2152 Vssssnu
965 2118 1234 2158 Juzted'qsteologie.

238 2158 298 2194 (s)
329 2160 409 2190 Conf.
442 2160 461 2189 L
484 2159 559 2189 XVl.
582 2162 608 2191 S.
627 2170 653 2191 2.

197 2202 318 2270 TU}
334 2199 435 2239 Fgs‘czc
452 2201 527 2272 Vllr
541 2202 573 2231 T-.
590 2206 615 2232 6
643 2202 660 2232 f.
678 2212 699 2232 r.
717 2211 743 2233 ι.
788 2202 975 2233 Wrusrov
997 2202 1031 2234 T
1052 2201 1109 2233 t..1
1137 2211 1164 2233 n.
1179 2205 1247 2241 246.
1286 2201 1384 2233 ΖιΝΝ
1406 2198 1464 2235 hist.
1487 2202 1554 2232 ocul.
1579 2206 1599 2232 t.
1623 2209 1647 2238 ς.
1671 2198 1774 2238 fita.

250 2251 260 2274 ς
345 2251 365 2270 ι.
386 2252 400 2271 2
432 2252 449 2273 ἰ
543 2247 568 2272 6
591 2243 649 2272 f.=
670 2253 686 2272 2

237 2280 300 2317 (u)
324 2281 509 2312 Wmsxow
533 2282 600 2313 TI
630 2293 656 2313 n.
675 2292 741 2319 402.
770 2282 969 2314 DUVERNi-:Y
996 2289 1036 2314 tr.
1059 2284 1093 2313 de
1109 2283 1183 2322 l'org.
1213 2284 1246 2312 de
1271 2281 1355 2313 a'ouie
1377 2281 1445 2313 Tab
1464 2281 1501 2313 VI
1529 2292 1557 2314 n.
1574 2292 1599 2316 ι.
1617 2280 1648 2314 F.
1671 2284 1708 2314 ie·
1725 2279 1780 2321 IV(

194 2323 228 2354 D.
249 2324 281 2352 ic.
299 2322 320 2351 V
349 2322 376 2351 F.
424 2323 614 2354 visussffis
635 2326 719 2353 treice'
736 2325 894 2353 del’ureille
919 2326 974 2354 tab.
997 2325 1085 2361 t..f3
1128 2335 1146 2354 n
1177 2333 1189 2361 3

235 2365 304 2402 (x)
326 2363 441 2404 absque
460 2365 660 2404 antagonisino
683 2374 786 2404 corpus
804 2374 865 2397 non
885 2365 962 2405 posse
984 2366 1093 2398 moveri
1109 2365 1372 2398 SWAMMERDAM
1397 2373 1423 2404 p.
1439 2369 1509 2403 847.
