2018 2719
531 102 1281 149 PRAEFAT'IO.
1666 116 1697 148 v

121 213 377 257 audiverant?
411 214 524 256 etiam
553 214 577 255 fi
597 214 770 255 nondum
799 229 847 256 eo
866 227 1042 269 ternpore
1057 214 1217 264 invenit,
1241 220 1321 272 quo
1338 212 1468 257 Leidae
1493 214 1702 256 vixerunt?

124 276 239 315 eriam
275 275 298 315 fi
337 276 386 315 illi
414 275 509 315 ultra
543 278 756 315 ornarunt?
800 278 836 315 δε
871 274 1103 315 addiderunt
1145 276 1311 315 vocibus
1351 272 1709 316 PRAECEPTo-'

125 337 247 378 1³15?
282 332 404 375 Etiam
422 333 443 372 fi
474 333 511 372 in
540 333 694 374 codices
707 347 783 373 non
809 336 1060 385 receperunt?
1095 332 1134 374 Si
1168 335 1290 374 multo
1320 346 1495 387 tempore
1521 334 1707 387 annisque

125 395 274 449 triginta
304 390 508 446 interlapsis
525 389 606 433 sunt
639 391 780 433 obliti?
830 389 954 433 Etiam
989 392 1013 434 si
1029 406 1224 448 nunquam
1245 392 1410 434 ostendit
1430 393 1607 447 cuiquam
1629 394 1646 432 ἒ

180 501 282 545 Non
314 500 415 542 adeo
447 496 571 541 insane
592 499 760 541 laudium
790 496 868 541 surn
906 500 1064 554 cupidus
1087 530 1098 548 ,
1147 512 1189 542 ut
1222 514 1285 542 eas
1315 499 1571 545 ALsslNo,
1621 499 1707 541 her·

124 563 197 606 cuii
227 563 371 602 clavam
391 590 401 607 ,
433 571 662 613 extorquere
692 559 834 599 velim:
885 556 948 599 scd
981 559 1185 600 videbatur
1220 560 1336 607 mihi,
1387 561 1489 600 mitis
1518 559 1625 604 fore,
1668 560 1708 598 δε

123 622 283 663 amantis
304 616 453 658 suorum
488 619 584 665 viri,
619 631 703 672 quae
731 630 818 659 ante
853 615 887 663 se
923 616 1039 659 essent
1069 631 1174 659 certo
1225 619 1400 672 prolata,
1451 632 1536 658 cum
1575 618 1708 670 aliquo

123 678 175 721 sui
198 675 393 720 consensus
423 677 643 718 testimonio
669 689 862 730 repetere:
898 677 963 720 „ita
994 677 1092 718 tueri
1115 691 1135 717 a
1167 679 1369 718 malevolis
1406 675 1560 727 judiciis
1600 673 1708 716 disci-

124 739 258 795 pulos,
300 748 343 777 ut
375 735 442 775 fibi
466 736 623 790 quidem
662 735 724 775 sua
752 736 946 784 vindicet,
983 750 1051 776 eos
1075 750 1167 777 vero
1202 737 1360 791 proprio
1391 736 1523 776 labore
1548 733 1709 789 potuisse

125 811 258 838 vetum
287 793 467 836 invenisse
500 793 683 835 candidus
710 791 929 848 adgnoscat.
974 792 1037 835 Eae
1069 792 1180 843 sunt,
1219 809 1312 849 quas
1354 794 1612 836 desiderabam
1660 795 1709 833 ab

125 856 362 897 humanitate
403 851 829 894 PRAECEPTORIS
872 852 1003 894 laudes
1031 884 1041 901 ,
1091 857 1129 894 &
1193 854 1230 895 in
1268 868 1356 895 eum
1397 851 1542 894 sensum
1590 852 1711 894 WA-

129 917 663 962 CHENDORF10(12)
697 909 870 952 satisfecit
902 910 1191 961 ALssrNus,
1231 912 1298 954 etsi
1331 912 1395 952 fibi
1422 913 1588 968 priorem
1616 925 1710 966 epo-

126 975 237 1014 cham
272 972 419 1013 inventi
441 971 622 1012 vindicat.
654 967 752 1014 Mea
781 970 933 1012 fortuna
960 985 1039 1013 non
1071 970 1141 1012 fuit
1174 973 1381 1025 ejusmodi.

182 1080 400 1124 Nominata
436 1078 582 1120 fuerant
618 1079 745 1133 aliqua
775 1093 796 1121 a
833 1093 917 1130 me,
968 1093 1033 1121 aut
1078 1093 1180 1122 certe
1230 1081 1278 1122 ab
1329 1082 1482 1122 aue-'tore
1532 1083 1708 1124 indicum,

125 1154 225 1194 quos
256 1151 419 1185 vocant,
449 1139 586 1193 quibus
613 1139 795 1193 equidem
824 1152 1005 1180 anovern
1040 1154 1140 1180 nunc
1170 1141 1277 1180 annis
1310 1154 1388 1180 non
1415 1153 1490 1195 ego
1528 1136 1681 1193 praesum
1706 1168 1717 1186 ‚

125 1198 189 1241 sed
226 1197 325 1240 ILL.
355 1195 662 1239 MICHAELI
681 1209 769 1245 us,
795 1200 834 1237 &
865 1213 964 1254 quos
999 1213 1194 1254 nunquam
1230 1212 1411 1254 tanquam
1439 1212 1548 1240 meos
1582 1198 1712 1245 citavi,

125 1256 188 1299 sed
210 1266 574 1300 RELATIONES
609 1261 626 1307 <
646 1262 722 1310 13)
744 1256 903 1312 utique3
938 1258 1134 1298 nominata
1158 1289 1168 1306 ,
1191 1258 1347 1312 inquam
1367 1288 1378 1307 ,
1410 1256 1559 1298 fuerant
1586 1257 1714 1310 aliqua

126 1318 324 1371 exempla,
361 1316 400 1355 in
433 1315 575 1370 quibus
605 1314 783 1369 potuisset
805 1314 1058 1359 ALBINUS
1092 1314 1361 1369 discipulorum
1393 1314 1544 1357 suorum
1585 1313 1712 1369 super-

123 1377 250 1418 stitum
267 1389 365 1431 pene
385 1372 629 1428 antiquiffimi—
663 1380 678 1424 (
699 1381 771 1428 13*
788 1379 805 1423 )
821 1405 832 1421 ,
854 1377 920 1430 qui
937 1373 996 1415 sua
1035 1387 1123 1416 ante
1152 1373 1599 1417 PRAECEPTOREM
1633 1372 1715 1414 edi-

124 1432 260 1483 diss'et,
301 1447 443 1474 nomen
476 1433 623 1488 absque
655 1434 849 1476 dedecore
884 1446 1070 1489 repetere.

186 1540 271 1590 Hic
315 1539 429 1583 VIR
464 1539 705 1583 SUMMUS
745 1540 898 1581 duobus
934 1541 1060 1581 modis
1095 1538 1312 1594 respondet.
1381 1540 1486 1593 Qua?
1511 1554 1624 1588 vera,
1669 1555 1715 1582 ea

124 1602 245 1656 vulgo
273 1612 364 1641 nota
396 1599 501 1640 sunt:
537 1614 620 1654 quae
660 1613 762 1641 nova
796 1614 838 1641 ea
860 1599 1086 1641 ALBINI.
1136 1599 1307 1657 Reliqua
1321 1598 1406 1642 falsa
1428 1598 1709 1642 HALLERI.

134 1658 197 1702 Eo
229 1673 332 1701 certe
359 1671 464 1700 totus
494 1672 659 1714 nuperus
691 1659 757 1700 isse
790 1660 886 1701 liber
913 1659 1025 1700 redit.

186 1766 359 1810 Adeone
382 1768 570 1809 theatrum
598 1762 854 1823 Gottingense
887 1766 999 1809 fuerit
1031 1770 1192 1808 illaudati
1216 1769 1381 1818 Bustriciwk
1415 1782 1505 1814 ara,
1560 1767 1596 1808 in
1638 1781 1714 1823 qua

125 1841 258 1869 verum
289 1840 390 1868 certe
429 1839 627 1881 quaerens,
657 1840 852 1881 nunquam
886 1826 950 1866 nisi
980 1841 1146 1868 errorem
1180 1828 1405 1867 invenerim.
1440 1824 1504 1868 Ad
1531 1825 1599 1868 Te
1626 1840 1714 1882 pro-

126 1900 231 1927 voco
265 1885 506 1932 ALBINE,
537 1899 615 1925 non
655 1885 801 1932 credis,
831 1898 946 1926 nemo
971 1886 1105 1925 credit.
1160 1879 1287 1926 Potui'
1301 1884 1459 1934 errasse,
1501 1886 1595 1926 nihil
1633 1886 1714 1927 veri

126 1941 307 1987 detexiffe
361 1958 460 1998 pene
511 1943 535 1984 fi
589 1942 803 1984 studuifl'cm
838 1974 847 1989 ,
905 1957 984 1984 non
1031 1957 1110 1986 erat
1154 1945 1193 1986 in
1234 1957 1338 1986 tanta
1379 1946 1669 2002 opportunitate
1701 1975 1713 1994 ,

127 2007 166 2045 δε
197 2003 405 2046 constantia
436 2002 612 2043 liborum
646 2000 843 2057 sperabile.

187 2109 263 2152 Sed
303 2124 432 2154 eamus
455 2124 521 2162 per
549 2108 688 2165 singula
714 2127 722 2150 :
758 2113 796 2150 &
824 2111 986 2166 primurn
1014 2110 1062 2153 de
1090 2111 1161 2163 iis,
1194 2126 1276 2168 quae
1307 2111 1373 2154 fibi
1409 2110 1577 2154 vindicat
1606 2110 1712 2156 AL-

126 2181 322 2215 BJNUS:
358 2169 499 2213 deinde
532 2169 580 2210 de
610 2170 677 2219 iis,
716 2182 801 2224 quae
835 2171 1039 2226 improbat.

956 2243 978 2271 a
1019 2244 1060 2286 '3
1565 2227 1711 2271 Omisit

170 2337 263 2374 (η)
293 2340 324 2370 L.
342 2335 394 2369 111.
419 2348 446 2374 ρ.
465 2338 511 2376 83.

170 2378 183 2414 (
202 2388 235 2415 13
254 2380 266 2413 )
293 2380 333 2409 Ad
362 2377 391 2409 L.
408 2379 439 2409 V.
468 2389 495 2417 p.
515 2390 576 2411 122.

169 2419 273 2460 (13³)
295 2420 428 2459 Quiante
453 2429 499 2460 37.
530 2429 621 2453 annos
639 2419 756 2452 Leidam
786 2421 911 2453 adierim.
