1957 2630
402 91 431 129 S
459 90 492 129 E
524 90 554 128 C
586 88 629 128 T.
683 89 729 129 V.
794 90 1080 130 ARTERlAE
1118 90 1479 132 ENCEPHALI.
1619 106 1696 142 137

118 183 223 224 dullae
247 184 416 227 dorsalis,
467 186 502 222 ὃς
534 187 717 223 internum
752 187 925 223 corticem
958 187 1091 229 mittit,
1153 187 1272 226 donec
1300 187 1345 225 de
1374 189 1444 225 ima
1482 186 1638 224 medulla
1658 188 1694 223 in

115 245 245 292 vagina
272 256 289 280 a
321 246 377 292 pia
406 245 612 281 membrana
639 243 821 290 factug)
843 252 945 281 exeat
973 273 982 286 ‚
1018 257 1203 294 porroque
1230 259 1294 297 per
1327 245 1525 283 universam
1546 245 1694 283 caudam

118 304 289 351 equinam
317 303 544 345 continuata,
580 304 616 339 in
650 305 866 340 membranis
893 304 1105 346 evanescat,
1155 317 1223 353 qua
1255 316 1353 354 parre
1399 317 1482 342 cum
1526 306 1694 352 coccygis

115 361 188 399 offe
215 360 352 398 sacrum
389 373 429 397 os
457 359 701 409 conjungitur.
769 361 855 399 Haec
883 362 954 411 ipsa
979 364 1103 399 arteria
1133 362 1219 405 fuit,
1255 375 1333 412 quae
1360 363 1537 412 plerisque
1568 365 1693 411 priori-

113 421 180 458 bus
201 419 245 456 de
275 429 441 456 anatome
473 419 704 469 scriptoribus
722 420 806 468 (h)
836 423 965 458 erroris
993 420 1091 458 causa
1126 421 1217 464 fuit,
1265 430 1305 459 ut
1331 434 1401 471 pro
1424 434 1536 459 nervo
1562 433 1695 469 conpa-

112 492 151 516 re
181 477 347 514 niedullae
383 477 520 526 spinalis
547 478 794 516 describerent.
831 478 939 517 Recre
972 479 1223 527 repudiaverat
1244 480 1696 531 V11-:ufss1-:N1050),v

120 539 155 575 δε
185 536 409 575 dubitaverat
434 537 523 574 olim
559 537 599 575 C.
629 538 651 576 S
666 550 689 575 T
707 550 725 575 E
744 550 762 574 P
778 551 803 575 H
821 550 880 575 AN
895 550 917 575 u
938 551 952 576 s
977 538 1024 590 (le
1040 536 1068 588 ).

456 662 487 703 ς.
521 657 563 696 Χ
578 656 614 695 V
632 657 646 695 Ι
665 657 679 695 Ι
699 658 723 695 Ι.
804 658 950 696 Arteria
973 659 1124 708 spinalis
1149 659 1327 709 posterior.

167 764 294 801 Minor
323 764 473 807 eadem,
511 764 592 807 sed,
642 773 817 814 quantum
848 767 946 809 vidi,
996 779 1058 817 par
1080 767 1295 817 plerumque
1332 768 1401 816 (l)
1435 769 1557 806 dextra
1592 769 1625 805 δε
1652 768 1691 805 ss-

105 823 210 859 nistra
230 851 238 865 ‚
272 823 463 872 alterique,
499 823 548 861 sui
574 823 809 872 fimili(m),
845 826 1020 874 parallela,
1042 826 1218 864 undulato
1245 829 1370 864 itinere
1389 857 1397 870 ‚
1443 828 1689 877 frequentibus

105 881 386 919 anastomofibus
407 883 489 929 (n)
527 883 738 931 serpentinis
769 896 853 922 cum
889 885 1014 922 eadem
1033 887 1289 923 communicat.
1351 887 1417 924 Per
1445 885 1594 935 spatium
1615 899 1690 923 me-

104 941 209 977 dullae
235 942 352 977 nervis
389 942 529 978 nudum
569 941 752 979 descendit
771 970 781 985 ,
818 951 925 992 atque
945 955 1028 981 cum
1050 945 1185 981 arteriis
1211 946 1448 982 exterioribus
1465 974 1473 988 ,
1514 946 1688 994 posterio-

101 1010 183 1036 rum
214 1011 409 1036 nervorum
443 999 623 1037 sodalibus
658 1003 759 1049 (o),
812 1002 961 1050 aliisque
1009 1002 1054 1039 ad
1087 1005 1302 1040 anteriorem
1346 1004 1472 1041 faciem
1521 1005 1686 1041 medulla:

102 1059 334 1094 venientibus
352 1086 361 1100 ‚
399 1059 493 1095 circa
513 1071 590 1096 eam
624 1059 865 1097 circumflexis
884 1062 960 1107 (p)
981 1060 1187 1110 frequenter
1203 1064 1336 1100 unitur.
1373 1055 1544 1101 Surculos
1561 1063 1686 1100 eadem

101 1115 312 1153 numerosos
346 1116 388 1153 ad
420 1119 516 1165 piam
553 1119 800 1156 membranam
830 1120 867 1156 δι
907 1131 1058 1163 nerVOS,
1106 1119 1306 1170 faciemque
1344 1122 1579 1169 posteriorem
1611 1134 1686 1158 me-

102 1174 207 1212 dunae
234 1176 329 1217 edic,
375 1176 411 1212 &
451 1188 536 1214 cum
569 1176 641 1226 ipsa
677 1176 834 1216 medulla
869 1179 962 1216 circa
1000 1179 1195 1217 secundam
1231 1181 1430 1218 vertebram
1473 1181 1683 1219 lumborum

102 1232 266 1272 exhausta
290 1233 420 1273 finitur.

402 1347 435 1403 §-
469 1357 608 1398 XIX.
687 1359 838 1398 Arteriae
868 1360 1015 1398 medulla
1041 1360 1189 1410 spinalis
1219 1367 1378 1399 externa.

157 1463 286 1502 Praeter
322 1464 389 1502 hos
410 1478 539 1515 parvos
571 1479 589 1504 a
616 1467 764 1506 cerebro
791 1473 909 1505 ramos
927 1496 937 1511 ,
989 1468 1105 1506 multo
1135 1468 1355 1517 major(q)
1396 1469 1447 1505 vis
1476 1467 1676 1517 sanguinis,

99 1525 162 1573 qui
199 1522 394 1561 medullam
430 1525 631 1563 dorsualem
651 1525 748 1568 adit,
796 1527 839 1563 ab
870 1525 944 1563 aliis
975 1529 1130 1564 externis
1166 1530 1300 1566 truncis
1336 1527 1490 1564 accedit:
1532 1529 1568 1564 in
1603 1527 1680 1576 ipso

99 1582 194 1619 enim
223 1581 321 1619 collo
336 1583 500 1621 arteriola
548 1595 594 1622 ex
630 1586 745 1634 capite
778 1583 915 1622 remissa
964 1586 1209 1630 evanesceret,
1265 1585 1328 1623 nisi
1372 1598 1467 1624 nova
1501 1585 1680 1635 sanguinis

1582 1657 1679 1695 penu

139 1795 204 1833 (g)
226 1794 298 1826 Tab.
318 1805 342 1832 5·
362 1803 388 1832 β·

136 1835 203 1872 (b)
225 1835 465 1865 Avrcsnnii
495 1841 584 1871 p.18.
614 1837 666 1866 &c.

135 1877 151 1909 (
165 1875 203 1912 i)
240 1875 312 1905 Tab.
332 1883 378 1905 20.
404 1882 470 1906 tum
486 1874 531 1907 lll.
576 1875 603 1906 H
617 1886 636 1906 υ
650 1887 665 1906 Β
677 1886 693 1906 ι
704 1883 726 1907 R
737 1886 757 1906 u
768 1886 781 1907 s
818 1886 912 1916 progr.
954 1877 989 1907 de
1024 1879 1133 1910 medull.
1152 1877 1257 1918 spinuli
1287 1889 1314 1918 p.
1341 1889 1384 1917 17.
1417 1879 1464 1916 qui
1492 1879 1678 1917 ligamentum

96 1922 189 1946 vocat.

135 1955 199 1992 (k)
225 1966 252 1994 Ρ·
275 1964 340 2002 342·

134 1996 197 2032 (li
228 1996 347 2026 Unicam
378 1996 506 2027 Vnus
521 2007 532 2027 s
549 2006 623 2029 ans
658 1997 716 2028 tab·
734 2004 779 2033 18.
800 1999 818 2029 f.
840 2008 864 2037 3.
889 2001 919 2029 in
946 1999 1029 2033 collo.

137 2037 210 2073 (m)
233 2036 339 2068 Fascio.
357 2036 407 2067 VII
440 2037 498 2068 tab.
513 2048 540 2072 4.

135 2078 209 2114 (n)
226 2077 251 2106 V
265 2087 275 2106 1
288 2086 306 2123 u
320 2087 340 2107 υ
355 2086 367 2107 s
379 2059 472 2108 εἷκε
491 2078 548 2111 tab.
567 2084 612 2115 18.
640 2079 661 2110 f.
678 2087 704 2118 3.
733 2079 835 2112 Fascic.
848 2079 913 2114 vll.
938 2081 994 2114 tab.
1010 2092 1040 2120 4.

140 2118 204 2155 (ο)
225 2116 329 2148 Fascio.
345 2118 408 2149 v11.
434 2118 455 2150 1.
470 2129 494 2149 c.

136 2158 204 2197 (p)
227 2167 254 2195 p.
282 2167 350 2204 {30-

136 2199 205 2239 (q)
226 2197 329 2229 Fascio.
346 2198 409 2230 Vll.
433 2199 488 2231 tab.
504 2208 533 2239 4.
557 2200 593 2231 ad
609 2210 633 2233 s.

214 2291 338 2333 Haller
367 2291 555 2345 Phystolog.
620 2293 728 2335 Tom.
761 2293 835 2336 IV.
1182 2297 1206 2336 S
