1957 2630
472 108 701 150 sEcT.
769 105 866 147 VJ.
940 105 1226 148 NERVI.
1566 119 1647 155 αις

74 209 342 248 convexitatem
375 205 469 245 finus
496 204 714 254 Highmori‚
746 203 781 241 &
813 203 927 241 tribus
951 208 1012 240 aut
1046 203 1207 252 pluribus
1247 204 1352 241 ramis
1392 213 1432 240 os
1465 202 1648 240 maxillare

80 269 201 310 subit,
232 276 291 306 aut
322 267 427 304 etiam
452 266 563 303 unico
598 262 793 306 trunculo,
835 274 899 311 per
936 261 1095 299 canalem
1123 264 1312 311 proprium
1328 261 1540 299 .antrorsum
1569 273 1658 298 eun-

78 334 139 369 te,
185 328 247 376 qui
288 334 356 362 tres
398 325 471 361 fere
522 324 646 361 dentes
695 322 778 360 adit.
859 322 952 359 Alias
993 320 1067 359 duo
1109 321 1236 358 diversi
1271 333 1315 359 ex
1342 330 1473 360 trunco
1494 319 1651 359 secundo

80 385 210 432 Quinti
237 384 393 422 trunculi
426 389 559 420 exeunt
576 381 666 431 (z).

144 444 277 482 Eorum
309 442 508 491 postremus
538 441 683 479 dentem
715 439 890 478 molarem
925 439 1149 489 postremum
1181 438 1361 486 adnm).
1440 436 1539 476 Alius
1568 437 1655 475 den-

84 511 157 540 tem
190 502 364 539 mularem
393 500 599 539 secundum.
663 498 764 538 Alius
785 501 942 537 anterior
984 499 1171 536 trunculus
1202 498 1349 535 dentem
1379 498 1553 535 molarem
1585 506 1656 534 ter-

78 564 169 599 tium
191 560 292 608 (h).
355 559 423 597 Etfi
453 561 550 597 enim
581 571 659 597 non
683 559 774 597 adeo
807 566 970 596 accurate
1006 559 1137 606 cuique
1174 556 1273 594 denti
1309 555 1388 594 suus
1418 568 1548 593 nervus
1581 556 1656 596 est,

82 621 215 669 cuique
244 628 362 657 tamen
390 618 500 656 radici
530 618 610 657 suus
645 618 693 656 est
732 617 916 660 surculus,
954 618 1086 654 arteriae
1118 628 1263 658 comes,
1309 616 1371 664 qui
1404 626 1467 663 per
1496 615 1571 661 ejus
1605 626 1661 651 ra-

76 680 165 716 dicis
195 679 356 716 foramen
372 677 474 719 subit,
522 678 568 715 ad
595 680 772 714 internam
802 677 970 725 pulpam,
999 688 1069 725 qua
1100 675 1215 713 dentis
1241 675 1369 712 cavitas
1386 673 1552 723 repletur.

138 738 238 776 Idem
267 749 396 775 nervus
421 736 486 774 sub
518 735 594 774 sinu
621 735 820 785 Highmori
846 747 928 773 cum
960 734 1092 772 dentali
1120 734 1291 773 anteriori
1323 730 1535 771 anastomofi
1571 743 1659 769 con·

78 798 177 834 venit
195 795 276 847 (c).

134 855 257 904 Aliqui
293 856 399 892 etiam
427 856 500 902 ejus
530 853 655 892 surculi
689 852 801 891 finum
839 851 1061 890 maxillarem
1087 849 1325 898 adeunt(d').

135 915 190 951 Ab
226 914 354 950 eodem
382 913 425 951 ad
462 914 702 951 buccinatoris
728 913 878 950 musculi
916 924 961 949 ex
999 912 1141 949 maxilla
1173 910 1349 960 superiori
1392 910 1574 958 originem
1606 919 1662 947 ra-

77 985 158 1012 mus
191 972 277 1010 alius
308 973 380 1010 abit
395 1001 404 1015 ,
443 984 553 1021 quem
575 971 620 1009 M
637 984 656 1008 E
670 983 694 1007 K
710 983 729 1007 E
744 983 765 1007 L
781 983 791 1007 1
810 982 830 1006 υ
847 983 861 1006 s
881 971 1098 1008 anteriorem
1135 976 1241 1008 vocat
1259 967 1333 1014 (e).

137 1032 296 1069 Dentrrlis
323 1033 480 1069 anterior
503 1030 548 1078 <f
558 1032 574 1077 )
592 1030 757 1079 superior
784 1031 897 1068 oritur
920 1031 956 1067 in
988 1030 1128 1072 orbita,
1173 1028 1209 1065 δε
1229 1026 1428 1065 antrorsum
1445 1028 1570 1078 primo·
1591 1027 1660 1065 fer-

73 1098 158 1134 tur,
200 1090 330 1128 deinde
363 1090 545 1128 descendit
570 1090 718 1138 oblique
749 1091 787 1126 in
818 1088 905 1126 facie
940 1099 1104 1126 convexa
1146 1086 1239 1124 sinus
1264 1085 1473 1135 Highmori,
1503 1087 1596 1123 inter
1619 1099 1667 1124 os·

78 1151 115 1187 δι
141 1151 385 1188 membranam
414 1148 516 1187 finus‘
584 1147 735 1186 Edidiffe
764 1148 839 1185 vidi
865 1160 1006 1186 ramum
1028 1160 1090 1196 per
1118 1146 1283 1184 foramen
1327 1145 1477 1187 malare,
1529 1146 1590 1194 qui
1623 1147 1660 1183 in

78 1208 205 1248 faciem
225 1209 474 1258 angulumque
503 1208 682 1246 labiorum
708 1206 951 1245 descenderet.
1015 1206 1212 1245 Descendit
1243 1212 1363 1243 autem
1406 1203 1556 1241 dentalis
1599 1204 1669 1241 iste·

79 1279 230 1310 nervus,
265 1269 301 1305 ὃς
333 1267 471 1306 insede
499 1267 571 1304 fere
597 1276 658 1305 aut
691 1268 808 1304 canini
849 1267 995 1308 dentis,
1029 1273 1090 1303 aut
1111 1264 1246 1302 incifivi
1279 1264 1492 1306 exterioris,
1530 1262 1662 1299 dividi-

78 1336 158 1369 tur,
194 1327 229 1364 ἃ,
257 1328 435 1379 praecipuo
467 1326 609 1365 truncul
615 1338 636 1362 o
665 1325 726 1364 sub
753 1326 916 1364 lacunare
949 1327 1089 1362 narium
1120 1322 1315 1361 introrsum
1352 1323 1500 1372 pergit,
1548 1321 1592 1359 ad
1623 1321 1662 1358 fi.

56 1395 164 1423 'nem
190 1385 268 1422 offis
304 1385 454 1422 maxillae
492 1385 680 1434 superioris
709 1385 794 1431 (g).
857 1384 909 1421 Ex
956 1396 1000 1420 eo
1025 1383 1144 1420 canale
1171 1384 1276 1419 tarnis
1305 1380 1373 1418 suis
1404 1381 1540 1417 radices
1569 1381 1655 1417 den·-

79 1446 178 1483 tium
213 1446 414 1493 primorum
442 1443 515 1481 adit
546 1443 642 1491 (h)
726 1441 850 1489 (Alias
884 1449 1004 1479 tamen
1044 1441 1135 1478 duos
1182 1424 1338 1477 dentales
1380 1450 1510 1476 nervos
1564 1445 1662 1475 ante-

79 1505 213 1545 riores,
255 1503 409 1551 propriis
441 1502 531 1539 Iocis
563 1513 607 1538 ex
645 1500 880 1538 infraorbitali
906 1499 1158 1537 descendentes
1193 1499 1328 1547 reperi,
1379 1498 1557 1546 istumque
1591 1497 1663 1536 sur-

77 1561 200 1601 culum
223 1572 243 1598 a
269 1560 437 1609 sequente
457 1559 633 1597 diversum
653 1559 683 1607 ).
751 1558 823 1595 Dat
840 1560 944 1596 etiam
970 1569 1237 1606 nonnunquam
1262 1555 1351 1594 finui
1375 1554 1582 1605 Highmori.

138 1619 239 1658 Alius
270 1619 457 1657 trunculus
493 1617 653 1656 canalem·
681 1619 718 1654 in
739 1615 812 1654 osse
838 1616 995 1654 maxi-liae
1029 1616 1217 1666 superioris
1253 1616 1411 1657 invenit,
1474 1615 1510 1652 δι
1532 1627 1595 1663 per
1621 1627 1661 1653 os

77 1678 195 1729 ipsum
227 1678 420 1716 retrorsum
445 1677 580 1715 recedit
602 1677 646 1714 ad
677 1676 822 1713 dentem
847 1676 1021 1714 molarem
1037 1677 1216 1725 primum,
1251 1674 1400 1712 alterum
1417 1702 1426 1716 ,
1463 1675 1569 1711 etiam
1589 1682 1666 1711 ter-r

81 1740 202 1779 tium,
242 1739 352 1787 inque
375 1736 522 1779 dentes,
559 1737 688 1785 quibus
716 1736 891 1777 inminet,
952 1734 1086 1771 radices
1120 1732 1320 1780 mittitw)
1353 1744 1566 1783 ramumque
1602 1732 1666 1771 ha-

83 1797 168 1840 bet,
205 1807 292 1834 cum
319 1795 452 1834 dentali
481 1794 672 1845 posteriori
695 1793 1120 1841 communicantemffl}

1564 1849 1668 1888 Alius

120 1959 185 1998 (2)
217 1960 353 1991 Μικει.
381 1971 410 2000 p.
429 1964 476 1996 σς.

123 2003 192 2079 (ἓξ
213 2002 354 2072 ἣξὶὲιίεευῖι-
378 2011 472 2073 tagus
500 2000 585 2032 habet
611 2000 798 2032 Mamur-s
827 2013 873 2030 ωω
891 2013 951 2030 ωω.
975 1999 1020 2030 sex
1039 1998 1176 2029 RAvrus
1204 2009 1233 2047 p.
1253 2006 1318 2037 r-9z

118 2042 234 2152 {cyma
213 2083 338 2113 Menai.
362 2053 390 2123 ξ)
410 2053 459 2120 62.
474 2086 520 2114 ⁶6.
554 2084 585 2113 &
608 2082 636 2112 in
660 2083 696 2112 ic
726 2088 760 2119 ψ.
807 2082 893 2114 Addit
922 2088 1054 2120 quartum
1079 2081 1193 2111 dentem
1216 2079 1354 2109 molarem
1373 2076 1519 2108 wams
1542 2087 1666 2116 1219?-

119 2123 139 2199 ((
159 2125 666 2234 gdpsgff{tiffmfflpterygoideum
697 2170 848 2194 externum
874 2163 984 2194 seorsim
1013 2172 1047 2193 ex
1076 2170 1178 2192 trunco
1205 2161 1319 2191 secundi
1343 2159 1449 2197 Quintr
1470 2159 1579 2189 narium
1597 2159 1662 2197 pin

189 2214 195 2232 1
241 2215 265 2233 (Ι.
287 2215 311 2234 a.

171 2249 181 2280 )

109 2213 121 2233 t
157 2214 165 2233 ι

79 2205 177 2280 ἐι(Γ
207 2244 332 2275 Maxu
364 2254 392 2276 n.
414 2255 460 2282 74
472 2256 500 2284 p.
524 2250 572 2282 68.
600 2245 788 2276 'Wmnow
807 2239 1661 2283 n.48.Nervusqu1tenc1en&c.rationetur&

119 2285 159 2322 (g
171 2284 395 2321 )W1NSLow
418 2296 447 2316 n.
462 2298 509 2324 ⁴9-

123 2325 363 2362 (h)FA.L201›
389 2337 416 2365 p.
437 2336 499 2363 ¹4⁴-

119 2366 188 2402 (i
178 2381 190 2402 y
213 2365 339 2396 mam
364 2376 390 2405 p.
408 2371 458 2404 ⁶9·
489 2367 623 2399 Secundo
645 2367 709 2400 1000
731 2367 876 2400 Fauor.
905 2376 932 2406 p.
954 2377 1020 2404 1443.

123 2406 336 2445 (nmina-1.
358 2417 386 2447 p.
400 2412 448 2445 68.
478 2410 503 2441 ἃ
529 2409 560 2440 in
584 2409 620 2440 ic
