1957 2630
508 141 848 182 SECTVJ.
931 134 1337 180 NERVI.
1584 149 1658 186 195

88 241 134 280 tiss
147 239 363 290 excidit<q*
377 239 403 286 )-.
440 236 574 277 Adfuso
592 239 697 276 etiam
712 238 817 277 acido
830 236 972 287 liquore
986 235 1152 274 chemico
1165 248 1322 280 nervus,
1348 233 1499 286 perinde
1519 237 1559 272 ut
1584 239 1660 271 ten·

83 300 156 345 do,
191 299 385 349 crispatur,
419 299 454 335 &
484 299 627 336 brevior
656 297 803 346 fit(r).

144 358 246 397 Nihil
275 365 396 396 tamen
417 357 456 394 fit
483 356 594 394 simile
622 358 660 394 in
687 358 770 395 vivo
800 356 975 398 animale,
1017 355 1040 392 fi
1076 367 1227 394 nervum
1258 353 1424 404 scalpello
1453 353 1657 391 irritaveris.'

83 417 192 457 Tunc
221 418 316 455 enim
350 415 500 454 musculi
530 416 704 465 quidem,
738 428 978 466 quoscunque
1014 416 1041 452 is
1073 427 1204 453 nervus
1233 415 1408 456 adiverit,
1453 424 1583 451 omnes
1615 413 1653 449 in

83 478 312 516 vehementes
341 475 594 513 convulfiones
625 477 791 513 cientur:
826 483 994 514 caeterurn
1014 486 1144 512 nervus
1183 473 1255 523 ipse
1293 475 1455 511 inmotus
1491 471 1650 521 quiescit.

82 536 278 584 Denique,
307 533 331 571 fi
365 533 549 572 curiosiori
578 534 695 573 studio
722 547 872 573 nervum
897 533 1135 572 transversum
1163 532 1359 582 inposueris
1373 532 1472 569 lineae
1492 559 1502 573 ,
1537 532 1573 567 in
1589 530 1654 566 mi-

81 594 275 632 nutissimas
305 602 420 643 partes
451 601 650 632 atramento
676 594 792 631 divisae
807 594 907 643 (ς),
941 592 1041 630 facile
1073 592 1231 634 videbis,
1274 593 1382 628 etiam
1410 588 1652 636 microscopio

79 654 265 696 adhibito,
294 664 470 695 nervum,
507 653 595 690 dum
627 652 807 692 musculus
842 653 875 691 se
911 652 1117 694 contraxit,
1153 650 1295 689 nullum
1329 648 1406 687 ullo
1432 647 1547 685 modo
1578 658 1657 696 per·

79 712 244 764 spicuum
268 711 416 760 spatium
448 710 667 761 percurrisse.
740 712 872 762 Neque
900 711 1139 749 ose-illationes
1177 711 1214 747 in
1241 721 1356 746 nervo
1384 707 1539 757 produci
1576 704 1657 755 pos-

81 772 182 815 sunt,
209 783 288 821 quae
321 770 461 819 signum
487 769 664 809 essentiale
707 779 842 809 naturae
874 770 1051 808 irritabilis
1082 769 1308 808 constituunt
1341 766 1402 807 (5⁴⁶
1418 767 1444 813 ).
1521 764 1565 803 Et
1593 766 1654 814 qui

79 830 187 884 poffit
220 842 350 869 nervus
384 830 575 873 contrahi,
618 831 681 880 qui
710 830 857 871 infinitis
889 828 956 867 filis
995 829 1190 867 secundum
1231 834 1347 865 totam
1383 824 1652 873 longitudinem

80 889 178 928 suam
203 889 248 926 ad
277 901 502 939 quaecunque
535 891 652 927 vicina
673 901 829 939 corpora
865 888 1051 926 firmetur?
1085 886 1323 926 Contrahitur
1353 884 1560 925 musculus,
1597 881 1657 919 sed

79 950 110 988 is
135 948 223 986 liber
253 947 340 985 fines
363 948 442 986 suos
463 948 674 998 adnexaque
705 949 835 986 finibus
862 946 933 984 ossa
964 946 1126 984 adtrahit.

138 1007 244 1045 Acidi
272 1007 422 1057 liquoris
448 1007 602 1045 chemici
630 1009 814 1050 acerrimi,
845 1014 884 1045 ut
909 1005 1049 1055 spiritus
1080 1005 1164 1042 nitri
1187 1004 1380 1045 fumantis,
1413 1000 1558 1040 effeetus
1579 1012 1656 1038 non

77 1065 159 1108 sunt
183 1065 326 1110 vitales,
354 1068 416 1116 qui
446 1068 482 1103 in
507 1074 629 1105 cutem
663 1067 804 1105 dudum
827 1073 1007 1103 mortuam
1027 1094 1037 1109 ‚
1078 1065 1167 1102 dum
1202 1063 1369 1102 hactenus
1403 1059 1553 1098 humida
1583 1058 1623 1097 sit
1642 1086 1652 1101 ,

78 1125 209 1164 eodem
231 1125 346 1163 modo
368 1133 549 1174 operetur,
584 1137 778 1175 paremque
803 1125 941 1163 suscitet
959 1123 1254 1166 contractionem,
1289 1122 1481 1172 postquam
1506 1130 1550 1156 ne
1566 1130 1655 1156 con-

79 1184 221 1232 jectum
238 1184 283 1222 de
312 1184 493 1235 superstite
527 1187 596 1222 vita
625 1185 748 1223 locum
782 1183 888 1223 habet
908 1181 990 1236 (t).

139 1243 315 1282 Contrahi
351 1256 523 1286 nervum,
569 1245 675 1282 etiarn
708 1244 733 1281 fi
770 1243 967 1293 longitudo
999 1244 1111 1282 totius
1151 1239 1303 1280 funiculi
1350 1250 1430 1276 non
1474 1242 1653 1278 mutatur.

80 1303 307 1350 ¹³upera(u)
332 1304 380 1341 est
414 1302 604 1341 excusatio.
669 1303 742 1341 Sub
767 1303 847 1352 ipsis
886 1304 982 1340 enim
1019 1301 1217 1340 involueris
1252 1300 1357 1338 fibras
1388 1308 1534 1336 nerveas
1567 1307 1658 1333 con-

80 1360 170 1398 trahi
204 1359 301 1409 posse
325 1361 493 1399 creditur.
567 1361 637 1399 Sed
671 1375 789 1412 neque
819 1362 1051 1399 involucrum
1087 1362 1126 1398 in
1156 1371 1269 1397 nervo
1307 1358 1376 1399 est,
1440 1355 1541 1405 quod
1580 1365 1659 1391 eam

81 1419 365 1457 contractionem
397 1419 565 1457 occulere
593 1419 722 1469 possst,
756 1432 874 1469 neque
913 1418 1066 1457 funiculi
1099 1418 1244 1459 nervei,
1302 1414 1468 1453 cellulosa
1505 1413 1572 1450 tela
1601 1411 1660 1450 sua

81 1479 182 1516 mille
219 1478 338 1515 modis
395 1478 438 1515 ad
478 1480 695 1516 exteriorem
740 1478 838 1516 illam
883 1476 1050 1514 fibrosam
1083 1477 1252 1524 vaginam
1277 1474 1409 1512 adnexi
1435 1472 1538 1521 (x),
1586 1470 1662 1510 ullo

81 1537 197 1575 modo
227 1536 391 1574 contrahi
415 1535 580 1586 possent,
627 1530 714 1586 quffi
741 1549 781 1575 ea
811 1538 938 1586 vagina
971 1547 1044 1573 una
1068 1540 1314 1572 emoveretur.

573 1646 605 1691 §.
639 1642 773 1683 VIII.
836 1644 970 1693 Liquor
1000 1642 1175 1693 nervosus.

142 1751 276 1802 Neque
299 1750 345 1789 de
379 1751 544 1791 invisibili
569 1752 634 1791 illo
666 1765 864 1793 nervorum
897 1753 1023 1803 spiritu
1042 1752 1103 1789 hic
1124 1750 1242 1789 sermo
1274 1747 1344 1792 est,
1377 1757 1497 1796 neque
1519 1745 1666 1794 propria

80 1811 140 1850 hic
166 1823 245 1862 quae
275 1811 484 1861 Proferanh‘
528 1813 772 1861 experimenta
802 1813 929 1850 habeo.
993 1810 1112 1849 Facile
1140 1810 1268 1853 video,
1302 1809 1342 1845 in
1371 1804 1580 1844 cellulosam
1614 1812 1668 1841 te-

90 1871 187 1917 lam,
216 1882 297 1921 quae
327 1871 508 1910 funiculos
535 1883 688 1910 nerveos
718 1872 880 1916 ordinat,
911 1870 1060 1919 perinde
1092 1881 1286 1921 vaporem,
1336 1873 1377 1906 ut
1403 1865 1442 1903 in
1481 1863 1563 1903 alias
1589 1864 1666 1910 ejus

899 1929 926 1968 B
946 1930 970 1967 b
1032 1939 1055 1968 2
1545 1930 1666 1961 textus

957 2033 1002 2062 “-

124 2083 210 2124 (ς’)
243 2083 511 2116 Scumcwrmo
535 2082 596 2118 Le.
632 2096 660 2126 p.
683 2094 750 2118 ηπ.
795 2086 957 2118 Nicoma
981 2094 1047 2115 vom
1070 2084 1201 2115 schmerz
1225 2091 1257 2115 n.
1278 2091 1326 2117 9¹·
1645 2114 1650 2122 ,

124 2124 172 2157 (r
195 2126 210 2162 )
231 2127 336 2157 Second
356 2128 491 2158 Memoir.
520 2125 578 2166 sur
597 2129 631 2157 les
656 2135 730 2166 part.
769 2129 846 2159 irrit.
884 2128 960 2166 Exp.
989 2131 1055 2166 565.
1075 2129 1144 2163 566.
1162 2125 1230 2162 567-
1273 2123 1537 2155 Zmisnnnm
1569 2126 1599 2157 p„
1618 2123 1668 2156 37.

88 2164 204 2196 Lon?
225 2173 329 2203 Journ.
354 2168 387 2197 de
411 2168 520 2199 Medec.
541 2178 624 2207 ¹757·
661 2169 784 2205 Janvier.

126 2207 162 2242 (ί
178 2209 191 2243 )
224 2209 359 2239 Memoir.
367 2205 423 2247 fier
441 2211 478 2238 les
494 2215 560 2246 part
596 2211 736 2239 irriruhler
762 2220 787 2248 p.
805 2220 853 2247 45.
910 2208 1010 2240 ZrNN
1031 2208 1100 2240 ibid.
1112 2205 1218 2247 second
1236 2206 1375 2238 Memoir.
1419 2201 1490 2240 Exp.
1509 2208 1580 2231 τοι.
1597 2206 1666 2234 2044

84 2255 153 2318 nosrt-
181 2252 251 2280 20⁶.
276 2254 343 2284 208.
377 2258 445 2287 ²09·
487 2249 658 2280 Cnrnnui
687 2261 714 2290 p.
744 2260 809 2289 310.
849 2259 914 2290 332.
939 2251 1010 2280 della
1029 2252 1138 2280 racolta
1158 2250 1186 2280 &
1212 2257 1241 2287 p.
1256 2250 1323 2285 148.
1340 2241 1494 2278 Tomilll.
1531 2239 1666 2273 editioniss

86 2297 124 2318 no
149 2297 193 2318 rae.

127 2328 185 2366 (t)
208 2327 351 2361 mmm
380 2332 408 2362 dc
430 2330 584 2362 Bouron
611 2333 640 2362 in
664 2334 802 2371 Suppsem.
830 2332 962 2366 FAnnr
993 2331 1108 2372 p.186.

126 2368 193 2406 (u)
221 2373 324 2402 Second
346 2373 474 2403 Memoir
491 2370 546 2412 sur
569 2375 605 2402 les
623 2381 691 2411 parc
724 2376 804 2408 irrie.
845 2375 981 2413 sest-¹9·
1009 2382 1074 2414 up.
1090 2376 1155 2414 565.
1177 2371 1245 2412 566.
1262 2369 1331 2410 5670

127 2409 204 2449 (oe)
226 2412 362 2452 Phffique
379 2414 425 2444 des
446 2422 525 2453 corps
543 2414 648 2447 animis
670 2423 698 2454 p.
713 2423 780 2456 310.
