1957 2630
227 131 348 167 vx11
688 92 721 157 Ρ
782 111 823 159 R
884 112 941 159 AE
983 95 1029 158 'F
1092 114 1133 158 A
1193 113 1237 158 Τ
1299 114 1316 159 Ι
1377 113 1435 158 0.

217 219 285 259 bet
314 211 461 260 incidi,
502 222 543 252 ut
571 205 767 250 discedant
800 210 985 251 intestina.
1064 207 1238 252 Tantum
1273 210 1326 251 do
1370 210 1517 252 interim
1558 207 1691 252 summi
1743 211 1816 255 viri

215 273 427 316 amstoritati
453 302 464 320 ,
501 282 542 311 ut
586 270 681 309 hanc
710 265 824 322 ipsam
862 270 1055 310 valvulam
1098 270 1211 309 novis
1247 271 1514 323 experimentis
1540 271 1631 310 mihi
1667 267 1807 313 sumam

215 333 490 378 recolendam,
540 328 678 382 quibus
714 328 752 367 in
785 325 868 368 VH.
898 329 978 368 vol.
1026 330 1248 377 I’lnfiologiae
1297 340 1360 369 aut
1395 343 1479 368 cum
1514 327 1809 372 ALBINIA·

215 404 310 435 NIS
347 405 431 433 mea
453 387 678 434 conciliare,
712 398 776 426 aut
807 385 1010 427 emendare
1038 386 1212 426 studebo.
1248 386 1346 427 Satis
1376 388 1477 428 enim
1507 387 1644 437 video,
1683 402 1744 430 me
1771 390 1809 430 in

214 454 339 508 pueris
367 464 450 490 mea
477 447 736 503 experimenta
771 442 921 490 fecisse,
975 443 1254 488 ALBINUM
1295 447 1331 486 in
1370 447 1590 487 hominibus
1640 446 1802 494 adultis,

215 510 254 551 id
311 508 506 550 discrimen
551 505 600 549 ad
639 505 810 547 colorem
856 502 1008 545 filorum
1058 506 1262 561 utrumque
1308 505 1523 547 intestinum
1563 505 1807 562 religantium

213 567 384 624 potuiffe
415 567 601 610 conferre.

280 676 387 731 Qiae
415 677 450 718 in
475 676 614 718 siccatis
647 676 829 718 intestinis
858 689 947 717 vera
977 675 1141 718 viderim
1160 708 1171 725 ,
1204 689 1294 718 vera
1325 676 1363 717 ni
1394 675 1532 724 fallor,
1578 685 1706 732 neque
1734 675 1805 718 ali-

211 749 268 778 ter
302 735 418 778 essent
449 737 596 791 absque
627 735 778 777 censura
807 735 1069 791 praetermissa,
1111 750 1158 783 ea
1189 735 1445 778 ALBINUs
1485 749 1563 775 uno
1595 736 1719 776 verbo
1746 737 1806 788 ju-

212 797 336 852 gulat,
373 795 453 835 sicci
480 809 618 849 nempe
644 796 808 837 intestini
836 795 1009 836 inutilem
1028 793 1100 836 effe
1124 795 1469 845 considerationem
1486 799 1502 845 (
1521 798 1640 845 26*).
1684 791 1732 835 Et
1751 806 1808 836 ta-

213 870 300 895 men
327 867 415 894 ante
452 868 511 894 mc
541 856 577 894 in
618 868 661 894 ea
700 868 806 895 erant
835 851 991 903 versati,
1023 853 1258 909 fquicunqtre
1298 855 1395 894 hanc
1423 854 1529 894 litem
1569 854 1805 909 adtigeram,

212 917 250 954 ὃς
270 910 378 961 sunt‚
412 927 496 967 quae
514 912 579 953 nisi
607 917 643 952 in
675 913 770 954 ficco
795 927 960 966 corpore
993 912 1143 953 ostendi
1174 923 1394 968 nequeunt,
1438 924 1480 953 ut
1521 914 1602 953 veri
1637 913 1808 955 valvulaz

212 987 294 1013 rum
325 972 487 1019 limites,
506 986 635 1012 carum
653 970 792 1027 figura,
819 972 978 1012 directio
1007 985 1122 1017 vera,
1164 985 1249 1027 quae
1274 972 1404 1012 omnia
1436 972 1475 1012 in
1500 983 1653 1012 recente
1683 974 1721 1012 &
1748 971 1808 1012 ina

214 1028 289 1071 ciso
317 1031 495 1071 intestino
518 1031 663 1071 fluitant
680 1061 692 1079 ,
721 1034 759 1071 &
790 1031 932 1071 incerta
960 1027 1055 1071 sunt.
1101 1027 1175 1071 Eas
1201 1030 1435 1072 valvularum
1462 1031 1592 1078 vices,
1631 1033 1668 1070 &
1696 1043 1807 1070 rnen-

214 1086 333 1136 suraS,
382 1093 421 1130 ὃς
454 1089 590 1137 (itum,
634 1092 672 1130 &
703 1090 909 1130 retinacula
941 1086 1227 1143 descripseram,
1269 1088 1317 1130 ad
1358 1089 1474 1130 multa
1512 1085 1712 1142 Gottingae
1747 1086 1805 1144 suf

213 1146 378 1203 perstitia
415 1148 620 1197 intestina,
674 1162 802 1205 neque
836 1147 1047 1204 quidquam
1081 1148 1143 1188 hic
1184 1162 1264 1190 non
1302 1160 1391 1190 vere
1424 1147 1501 1189 dici
1537 1145 1681 1190 ALBI
1694 1157 1725 1188 N
1743 1158 1804 1191 υς

213 1204 289 1262 ipse
316 1207 464 1260 objicit.
703 1213 705 1215 ’

271 1312 393 1356 Nolo
424 1313 485 1354 hic
511 1327 571 1356 me
599 1314 636 1355 in
664 1313 768 1356 litem
796 1330 894 1370 pene
922 1315 1106 1357 infinitam
1141 1314 1336 1357 dimittere
1356 1346 1366 1364 ‚
1412 1317 1451 1356 &
1484 1313 1612 1370 paucis
1642 1321 1807 1371 repet03

212 1373 445 1414 me-releffis
479 1374 573 1413 meis
592 1371 831 1424 adversariis,
865 1378 903 1415 δε
934 1389 1052 1428 nuper
1083 1372 1212 1415 recuso
1238 1387 1521 1430 programmate
1560 1374 1649 1414 anni
1678 1388 1801 1426 1742.

212 1431 306 1471 nihil
340 1431 574 1482 desiderare,
622 1431 695 1472 nifi‘
738 1429 1029 1474 musculosarum
1060 1432 1237 1472 fibrarum
1289 1433 1502 1488 pleniorem
1555 1434 1808 1481 memoriam‚‘

212 1503 399 1545 quarum,
433 1488 731 1539 cuminfantum
762 1502 886 1531 uterer
908 1492 1114 1544 intestinis,
1148 1502 1188 1529 ut
1219 1490 1342 1530 modo
1366 1488 1526 1537 monui,
1563 1491 1704 1530 nullam
1729 1486 1804 1531 feci

213 1548 482 1597 mentionem,
528 1549 568 1588 δι’
615 1562 710 1604 quas
752 1548 915 1592 eandem
954 1547 1211 1591 ALBINUs
1243 1562 1315 1604 pro
1353 1546 1414 1590 sua
1447 1548 1584 1604 peritia
1625 1549 1678 1590 cst
1711 1562 1802 1604 pro-

212 1604 358 1660 secutus
378 1611 460 1658 (27
480 1613 510 1658 ).
961 1617 964 1620 ’

273 1712 515 1757 Involucrum
544 1715 651 1770 penis
682 1730 760 1757 non
790 1714 840 1756 ad
876 1712 1019 1758 scholas
1053 1716 1224 1770 aliquas,
1254 1714 1320 1770 qui
1346 1714 1453 1757 aliter
1491 1714 1540 1756 ab
1581 1714 1626 1756 iis
1665 1711 1803 1757 scholis

213 1769 423 1821 senseram,
461 1770 525 1814 sed
562 1773 609 1814 ad
646 1776 808 1829 repetita
845 1777 1019 1829 exempla
1049 1773 1230 1829 *descripsi
1262 1777 1379 1825 (28)
1426 1775 1462 1815 in
1507 1778 1635 1824 primis
1673 1777 1798 1822 lineis,

214 1833 342 1886 'qualia
366 1831 477 1888 ‘fidi'
509 1834 610 1879 &in
642 1831 821 1875 thesauris
849 1832 1168 1889 Gottingensibus
1206 1845 1363 1886 oportet
1409 1829 1629 1887 superess'e.'-
1667 1829 1802 1874 Densa*

215 1891 292 1944 tela
324 1887 501 1931 ceiiulosa
520 1921 530 1939 ,
562 1888 802 1933 ‘membranae
826 1891 1008 1941 fimilior‘,
1051 1892 1226 1947 proxima
1249 1891 1482 1945 'corporibus
1503 1889 1717 1932 cavernosis
1741 1891 1800 1931 in-

215 1948 374 1989 cumbit.
423 1947 479 1989 Ea
505 1949 649 1990 laxatur
666 1981 677 1998 ‚
720 1963 763 1991 ut
788 1950 837 1992 ad
872 1963 998 1993 cutem
1024 1950 1172 1993 accedit
1190 1980 1202 2001 ,
1233 1951 1271 1991 ὅ(
1294 1950 1333 1991 iu
1353 1962 1526 1992 tenerum
1559 1945 1799 1998 cellulosum,

215 2007 433 2058 inflatilem,
468 2007 749 2064 bombycinum
776 2021 924 2053 textum
950 2011 1045 2055 abir.

1647 2099 1649 2103 Α
1674 2108 1795 2168 Nuus

257 2257 360 2297 (25⁸)
396 2268 423 2297 p.
444 2261 492 2290 62.

258 2300 345 2336 (27)
380 2299 414 2331 L.
426 2300 459 2330 V.
484 2299 611 2336 plurimis
623 2300 693 2337 locis
715 2306 746 2333 ut
760 2311 786 2341 p.
806 2311 852 2342 57.

257 2340 346 2376 (28³
380 2350 408 2370 n.
426 2349 494 2380 795·

257 2380 354 2421 (29)
381 2381 416 2416 L·
429 2381 462 2413 V·
487 2390 599 2422 p.123.
