1895 2650
424 107 752 148 SECT.II.
846 105 1392 147 PHAENOMENA.
1626 120 1702 156 513

131 205 352 250 mechanici3
393 205 560 246 immoti,
598 201 759 241 funiculi.
838 200 945 238 Periit
976 201 1117 238 interim
1156 201 1303 248 dimidia
1338 204 1386 239 vis
1419 201 1607 244 deltoidis‚
1661 204 1701 242 in

124 265 346 301 detrahendo
375 263 526 300 humero
559 261 722 310 inpensa,
758 261 862 308 periit
892 261 935 295 de
968 262 1001 296 vi
1033 259 1299 303 musculorum,
1335 263 1396 310 qui
1429 261 1619 299 humerum
1650 275 1703 299 re-

127 323 342 363 timuerunt,
377 330 513 358 tantum
532 349 540 362 ,
577 327 705 368 quanta
733 321 783 354 vis
812 318 998 354 detrahens
1019 317 1085 355 fuit
1120 319 1298 356 deltoidis.

185 381 404 429 Exemplum
441 379 544 421 dedi,
594 391 648 415 res
673 377 741 426 ipsa
770 389 831 424 per
856 389 983 412 omnes
1011 378 1120 413 totius
1149 379 1311 425 corporis
1333 377 1478 415 humani
1520 378 1698 417 musculos

124 442 257 488 poterit
291 440 410 486 repeti.
475 436 716 485 Longislimus
743 434 836 471 dorsi
873 436 906 471 in
926 433 1040 482 gressu
1069 436 1162 481 agit,
1195 435 1401 485 spinamque
1439 436 1535 474 dorsi
1568 439 1697 475 confir-

122 508 215 540 mat,
252 508 289 534 ut
320 499 419 545 super
451 508 528 533 eam
558 499 743 532 immotam
769 494 884 531 femur
906 492 996 530 flesti
1021 493 1125 541 poffit
1150 494 1218 542 (0³⁶
1231 495 1256 538 ).

182 556 346 594 Nascitur
381 565 502 593 tamen>
528 567 571 592 ex
598 555 666 592 alio
697 553 801 595 casu,
837 553 1056 601 aliquantum
1088 553 1219 589 diversa
1252 554 1379 589 virium
1408 552 1603 592 efficacium
1638 555 1696 594 ντί-

121 616 253 658 riatio,
288 615 310 651 si
344 622 493 662 uterque
524 613 602 650 finis
638 612 788 649 musculi
818 623 893 648 non
929 609 1072 647 mobilis
1088 610 1202 647 solum
1226 610 1285 653 sit,
1320 611 1376 646 sed
1412 624 1491 650 vere
1526 627 1594 651 una
1615 628 1695 653 mo.

121 683 252 711 veatur.
330 673 463 710 Poterit
484 674 579 709 enim
610 678 697 709 tunc
719 669 872 708 aliorum
914 669 1160 707 musculorum
1193 669 1382 714 conjuncta
1427 673 1458 706 vi
1489 671 1578 708 effici
1599 701 1608 714 ,
1656 680 1697 711 ut

120 732 236 770 laxior
261 732 348 768 alter
383 730 462 767 finis
499 732 669 778 majorem
702 738 835 779 partem
871 736 991 766 motus
1018 727 1192 776 propositi
1215 728 1406 771 describat,
1441 729 1526 766 alter
1560 731 1696 769 firmior

119 793 237 828 minus
272 790 469 827 descendat.
513 789 553 826 In
588 789 753 826 Biventre
782 787 988 834 exemplum
1026 787 1083 823 est.
1132 786 1347 835 Plerumque
1379 800 1423 824 eo
1456 789 1616 827 musculo
1647 792 1694 828 ita

118 851 154 886 in
179 849 413 898 deglutiendo
443 850 598 891 utimur,
633 856 672 885 ut
696 848 810 884 elevet
837 846 1004 895 equidem
1041 858 1081 882 os
1110 845 1261 894 hyoides
1278 873 1288 887 ‚
1319 847 1354 882 ἃ
1380 858 1586 884 connexum
1610 849 1694 897 pha-

118 920 291 957 ryngem,
341 908 384 944 ad
405 907 563 944 maxillas
595 906 780 948 adduc'tas.
819 913 987 953 tanquam
1010 904 1052 940 ad
1079 904 1187 940 finem
1221 907 1427 941 immotum.
1505 907 1690 945 Possumus

115 973 261 1008 tamen,
302 965 362 1002 etsi
385 965 591 1007 molestius,
642 965 699 1001 sed
727 963 910 1012 possumus
948 970 1132 1011 utcunque
1174 963 1377 1011 deglutire,
1425 975 1511 1001 osve
1540 966 1691 1014 hyoides

117 1026 153 1062 &
181 1025 367 1074 laryngem
395 1024 533 1064 levare,
574 1029 614 1061 ut
653 1034 722 1060 una
749 1034 790 1059 os
813 1030 976 1070 apertum
1006 1021 1068 1066 fit3
1103 1021 1275 1064 demum,
1319 1029 1358 1059 ut
1391 1034 1458 1058 una
1492 1035 1532 1060 os
1563 1029 1694 1072 aperia-

116 1091 184 1121 tur.
267 1083 319 1120 Eo
353 1084 389 1118 in
414 1081 492 1119 casu
521 1081 670 1119 musculi
691 1080 905 1131 temporales
926 1109 936 1122 ‚
985 1078 1206 1122 maffeteres,
1260 1081 1295 1116 &
1332 1081 1461 1117 interni
1505 1084 1691 1132 pterygoi-

115 1142 196 1183 dei,
240 1141 420 1178 maxillam
450 1140 596 1188 quidem
644 1141 823 1181 retinent,
881 1146 921 1176 ut
946 1148 1068 1175 tamen
1114 1150 1158 1174 ex
1194 1139 1319 1175 animae
1357 1142 1503 1177 arbitrio
1543 1142 1692 1191 paulum

114 1201 218 1237 laxati
235 1201 383 1246 cedant3
416 1211 484 1237 una
508 1197 680 1247 percipias
706 1199 815 1240 vires,
868 1209 947 1246 quae
970 1195 1150 1234 maxillam
1198 1196 1416 1241 detrahunt,
1462 1199 1693 1239 vehementer

113 1259 298 1302 laborare,
333 1268 527 1296 cutaneum
563 1257 675 1299 colli,
722 1258 953 1305 primumque
988 1256 1158 1292 biventris
1205 1264 1319 1304 caput.
1395 1256 1542 1296 Paulum
1576 1272 1686 1308 ergo,

114 1318 151 1355 &
179 1330 263 1356 cum
295 1320 421 1354 renixu
449 1316 630 1354 descendit
658 1316 821 1361 maxilla;
853 1314 1034 1352 adscendit
1059 1323 1178 1352 autem
1211 1327 1279 1352 una
1305 1327 1344 1352 os
1374 1315 1525 1365 hyoides
1549 1319 1584 1354 &
1606 1319 1691 1366 pha-

113 1388 207 1426 rynx
225 1405 234 1420 ,
274 1378 309 1414 &
341 1376 490 1426 larynx,
525 1375 641 1413 multo
668 1375 833 1417 liberius,
863 1386 924 1422 per
942 1373 1015 1411 suas
1030 1373 1144 1410 causas
1167 1374 1326 1422 aliosque
1356 1375 1537 1413 musculos
1557 1377 1691 1415 sursum

113 1436 261 1478 duetus,
295 1437 387 1473 inter
414 1446 506 1484 quos
539 1435 574 1471 &
608 1435 771 1471 biventer
807 1433 981 1470 secundus
1010 1432 1081 1474 est,
1117 1434 1180 1481 qui
1223 1436 1259 1469 in
1288 1433 1425 1470 afflone
1451 1434 1507 1472 sua
1540 1436 1686 1484 paulum

113 1495 294 1531 maxillam
325 1496 455 1543 aperit,
493 1493 529 1530 <Sc
558 1495 674 1529 multo
700 1495 811 1540 magis
845 1504 886 1529 os
911 1491 1061 1540 hyoides
1090 1491 1214 1528 elevat.
1275 1491 1319 1527 lta
1348 1494 1382 1528 in
1414 1493 1689 1543 diaphragmatis

112 1561 216 1590 motu
250 1554 286 1590 &
312 1554 355 1590 ad
400 1552 512 1590 costas
538 1551 768 1601 diaphragma
807 1551 971 1593 accedit,
1016 1551 1052 1587 &
1088 1550 1192 1587 costae
1229 1550 1273 1587 ad
1306 1551 1534 1601 diaphragma
1575 1553 1691 1592 adtra-

108 1611 244 1649 huntur
263 1614 280 1659 (
298 1614 360 1648 0⁹⁶*
376 1608 403 1660 ).

169 1670 239 1707 Alii
269 1670 368 1708 mille
395 1668 496 1706 modi
538 1668 646 1711 sunt,
697 1668 828 1715 quibus
871 1666 1120 1704 musculorum
1175 1665 1265 1704 affio
1293 1679 1312 1705 a
1341 1675 1474 1707 mutata
1521 1669 1687 1709 firmitate

110 1736 277 1766 mutatur.
351 1726 599 1766 Lumbricales
638 1726 810 1767 musculi,
845 1724 869 1760 fi
908 1724 1060 1761 flexores
1098 1737 1221 1762 manus
1254 1726 1402 1764 validius
1447 1730 1612 1775 egerint,
1649 1730 1687 1767 &

110 1787 172 1836 ipfi
212 1788 371 1835 primum
414 1786 614 1833 digitorum
653 1784 841 1823 articulum
869 1782 1022 1821 flefiunt.
1108 1783 1244 1826 Iidem,
1276 1783 1300 1820 fi
1342 1787 1463 1833 potior
1504 1785 1610 1825 fuerit
1635 1789 1686 1825 vis

108 1845 355 1883 musculorum
396 1844 692 1886 extendentium,
757 1842 958 1881 extendunt
997 1841 1194 1878 secundum
1224 1844 1415 1881 articulum
1457 1846 1493 1882 &
1524 1848 1679 1884 tertium.

110 1903 223 1941 Iidem
254 1904 410 1952 denique
428 1931 437 1946 ,
472 1902 496 1939 fi
521 1900 699 1941 accesserit
731 1900 977 1942 musculorum
1005 1899 1280 1940 interoffeorum
1310 1903 1507 1946 auxilium,
1549 1905 1684 1953 digitos

108 1963 154 2000 ad
186 1962 292 2002 latera
325 1962 507 2001 diducent.

1498 2069 1526 2108 S
1542 2070 1572 2109 E
1592 2071 1619 2108 C
1643 2070 1685 2110 T.

149 2222 228 2259 (η’)
260 2222 414 2254 Cownss.
433 2223 467 2253 ad
478 2223 579 2254 er„
598 2222 654 2253 tab.
674 2225 719 2256 28.

147 2264 243 2301 (0*'‘)
261 2267 315 2300 {De
332 2262 423 2301 respir.
448 2272 505 2302 exp.
526 2268 573 2300 48·

194 2355 327 2396 Hauer.
363 2355 552 2406 Phyfiolog.
622 2355 731 2395 Tom.
767 2353 841 2395 IV.
1186 2355 1221 2393 T
1252 2361 1267 2393 t
1295 2360 1310 2392 t
