1895 2650
551 129 759 173 SECT.
803 130 908 172 111.
975 130 1274 171 CAUSAE.
1625 134 1708 182 ⁷545

190 228 326 267 Adfinis
361 229 410 266 est
436 228 564 277 opinio
587 226 641 266 Cl.
672 227 705 264 le
733 226 835 264 Car
853 254 862 268 ,
896 226 1076 263 arteriolas
1101 228 1137 264 in
1175 226 1319 264 cellulas
1355 225 1712 278 musculorumlym-

129 288 238 338 pham
258 300 395 325 nerveae
426 287 615 334 analogam
646 285 965 333 effundere(p**)
984 313 993 326 ,
1029 285 1113 323 hine
1142 286 1305 336 animalia
1330 286 1474 324 robusta
1504 285 1594 330 effe,
1630 290 1712 338 quia

129 347 210 396 plus
231 346 409 395 sanguinis
435 346 587 384 habeant
623 356 707 383 cum
739 356 855 394 pauco
883 345 1043 382 cerebro.

557 457 590 501 5.
627 451 669 491 Χ
688 452 738 491 Χ.
808 452 940 491 Contra
972 452 1037 490 has
1068 452 1272 501 hypotheses,

190 561 303 598 Nunc
332 560 479 610 quidem
511 573 530 598 a
568 560 718 610 simplici
737 560 857 598 cordis
884 559 1051 609 impulsu,
1088 561 1122 596 &
1143 559 1314 608 sanguine
1338 562 1374 597 in
1391 560 1591 600 museulum
1624 564 1712 600 ube-⁴

128 619 200 657 rius
217 621 376 669 projee'to
394 648 403 662 ,
435 629 577 659 motum
611 619 759 658 musculi
781 620 910 657 deduci
935 631 1010 656 non
1046 618 1143 668 posse
1174 620 1398 656 manifestum
1423 621 1491 663 est,
1537 633 1620 659 cum
1649 633 1712 660 cor

127 679 312 716 voluntate
351 680 499 716 minime
532 679 789 726 regatur(q):
832 677 984 715 musculi
1019 690 1104 715 vero
1137 689 1204 726 pro
1243 679 1390 716 arbitrio
1412 687 1471 716 aut
1503 680 1710 728 quiescant,

126 744 189 774 aut
222 748 460 774 moveantur:
511 739 546 774 &
570 750 651 774 curn
685 737 824 775 nullum
859 736 1048 774 artificium
1092 746 1342 786 proponatur,
1378 750 1451 787 quo
1487 737 1573 780 fiat,
1610 747 1647 776 ut
1676 741 1713 776 in

127 807 243 833 unum
273 795 486 844 singularem
515 796 716 834 musculum
753 798 817 833 alia
844 795 923 843 lege
951 796 1088 843 sanguis
1117 795 1319 846 impellatur
1337 824 1348 842 ,
1398 809 1504 845 quam
1548 799 1582 833 in
1625 800 1712 835 alios

126 854 384 898 viciniffimos,
420 856 549 892 eodem
573 855 618 892 de
649 863 779 893 trunco
805 855 1014 900 sanguinem
1046 855 1236 897 habentes,
1289 856 1325 892 &
1370 862 1486 892 tamen
1515 859 1713 894 contrarios

128 913 333 956 musculos,
392 916 444 951 uti
481 914 629 961 quidem
673 912 951 962 frequentislime
992 913 1040 950 fic.
1121 912 1333 951 Exeensores
1363 915 1446 961 (r)
1477 916 1572 953 enim
1601 916 1714 953 cubiti

125 971 170 1008 ab
197 970 394 1009 interoffeis
420 974 553 1008 arteriis
583 972 792 1020 sanguinem
823 973 955 1009 habent
973 1000 982 1013 ‚
1034 984 1112 1020 quae
1142 972 1223 1010 sunt
1258 974 1473 1020 propagines
1499 975 1633 1011 arteriae
1662 987 1715 1012 ra-

126 1029 226 1067 dialis
256 1030 293 1067 &
321 1030 473 1073 ulnaris,
507 1043 525 1067 a
557 1031 686 1078 quibus
712 1031 817 1067 etiam
841 1029 991 1067 flexores
1021 1030 1170 1068 musculi
1194 1043 1312 1069 ramos
1347 1032 1539 1079 accipiunt.
1618 1031 1714 1071 Len-

126 1088 199 1125 tior
224 1090 329 1126 etiam
361 1088 478 1126 multo
512 1089 689 1137 sanguinis
708 1117 718 1132 ‚
754 1101 862 1137 quam
892 1088 1136 1126 musculorum
1167 1096 1288 1133 motus
1315 1090 1363 1126 est
1381 1089 1492 1136 (s),
1545 1091 1580 1127 Sc
1607 1093 1712 1129 nimis

126 1146 255 1184 debilis
288 1148 407 1184 cordis
435 1149 487 1184 vis
509 1147 522 1188 (
542 1150 579 1183 s*
594 1147 621 1196 ).
684 1147 752 1184 Sed
789 1149 895 1192 etiam
933 1147 1112 1184 ostensum
1149 1148 1219 1190 est,
1254 1147 1354 1185 filum
1388 1148 1583 1187 musculare
1605 1151 1713 1188 subti-

124 1204 193 1242 lius
231 1204 297 1243 effe
342 1205 502 1253 globulis
546 1206 690 1249 rubris,
724 1218 844 1259 neque
892 1206 1101 1255 sanguinem
1142 1204 1180 1243 in
1216 1208 1375 1244 minimis
1413 1206 1481 1246 suis
1524 1208 1710 1247 elementis

125 1267 289 1313 accipere
317 1264 405 1312 (t).

184 1321 307 1361 Latius
349 1325 455 1361 etiam
503 1330 599 1372 patet
626 1324 819 1373 imperium
869 1323 1087 1367 musculare,
1139 1336 1248 1373 quam
1286 1324 1492 1364 arteriosum
1534 1325 1708 1375 systema,

125 1392 210 1419 cum
224 1382 348 1420 insecta
372 1381 551 1420 musculos
569 1383 745 1432 plurimos
759 1383 794 1420 &
811 1381 1068 1421 efficacissimos
1085 1383 1220 1432 absque
1240 1385 1411 1433 sanguine
1429 1384 1581 1424 habeant
1597 1386 1617 1434 (
1633 1397 1657 1421 u
1674 1385 1707 1434 ),

126 1441 164 1477 &
190 1442 324 1490 absque
359 1442 502 1478 arteriis.

183 1499 334 1537 Summe
362 1511 471 1548 porro
502 1500 680 1538 irritabilis
709 1501 758 1538 est
781 1500 961 1539 musculus
979 1501 1064 1549 (x)
1095 1530 1105 1545 ,
1139 1503 1264 1539 arteria
1291 1502 1440 1548 obscure
1459 1498 1551 1554 (y).

183 1557 296 1596 Fibrae
320 1558 546 1601 transversae,
597 1572 682 1609 quas
709 1559 762 1604 Cl.
795 1561 861 1595 viri
888 1559 931 1596 ad
960 1560 1276 1608 constringendam
1312 1561 1435 1598 fibram
1475 1560 1709 1599 muscularem

125 1615 391 1660 adhibuerunt,
426 1630 474 1653 eae
499 1618 644 1665 quidem
674 1630 769 1655 mera
798 1618 878 1658 sunt
908 1618 964 1656 fila
993 1618 1186 1664 cellulosa,
1220 1631 1379 1670 quorum
1416 1633 1493 1658 non
1524 1620 1610 1662 alia,
1645 1619 1710 1658 nisi

125 1684 294 1719 mortua,
328 1675 377 1713 est
408 1676 605 1713 contraffitio
627 1677 721 1721 (z).

1537 1736 1708 1787 Denique

165 1838 263 1877 (1³⁸³)
287 1840 378 1871 Issem.
409 1849 435 1877 p.
455 1844 503 1875 58.

165 1880 234 1918 (q)
267 1890 292 1917 p.
322 1891 387 1914 ςᾌο.
410 1883 464 1910 ἃς.

164 1920 232 1956 (ν)
258 1919 449 1959 conss-Base:
466 1922 538 1950 icon.
560 1925 638 1951 anat.
664 1918 712 1951 VI.

166 1961 228 1996 (s)
263 1961 328 1991 Diis,
358 1961 414 2000 sur
432 1963 456 1992 le
473 1961 567 1990 me'can
596 1963 636 1990 du
660 1971 744 1990 monv
757 1962 823 1992 Aes·
844 1960 940 1999 musbl.
994 1973 1020 2000 p.
1036 1968 1085 1999 82.
1137 1963 1251 1994 Moveri
1282 1963 1317 1994 ad
1350 1962 1499 1994 dimidium
1517 1961 1649 2000 pollicem
1677 1963 1707 1994 in

126 2002 251 2033 secundo
274 2004 385 2033 minuto
401 2025 411 2039 ‚
439 2002 595 2031 musculum
620 2011 686 2031 vero
702 2004 735 2031 ad
753 2014 767 2032 z
803 2003 871 2039 poli
892 2014 944 2040 es3
969 2003 1023 2034 Sed
1054 2005 1136 2038 longe
1149 2006 1238 2041 major
1267 2005 1304 2035 est
1329 2005 1456 2034 (eleritas
1481 2015 1504 2039 ρ.
1526 2009 1587 2037 ;8·.
1605 2004 1680 2041 seqq.

165 2043 218 2077 (·’‘
235 2047 242 2070 ³
268 2044 381 2073 ΗΑιΒς
414 2042 559 2073 haemaliac.
604 2052 629 2078 p.
651 2053 696 2078 57-
749 2042 782 2073 ln
803 2047 904 2075 arteria
917 2046 1044 2083 capillati
1066 2045 1199 2077 columna
1217 2052 1264 2080 80,
1280 2046 1399 2085 pollices
1417 2046 1473 2076 alta
1502 2053 1636 2076 conatum
1648 2044 1707 2075 edit

126 2092 264 2130 aequalem
278 2086 384 2141 2232.
412 2092 537 2135 partibus
556 2093 641 2131 grani.

166 2151 231 2183 (t)
258 2155 276 2180 ν
324 2150 389 2176 4¹⁵³-
497 2140 504 2147 ’

157 2187 239 2223 (ux
257 2184 303 2213 hx,
325 2184 545 2220 praest-rmiffimo
574 2185 768 2216 Lronuan
790 2195 885 2223 opere.

165 2228 234 2263 (x)
259 2237 284 2262 p.
311 2233 368 2260 ικς
399 2227 452 2254 &c-

165 2268 235 2303 (y)
265 2266 284 2296 ι,
312 2267 333 2299 [ι
375 2275 464 2307 εκπ-

168 2308 238 2344 (2·
273 2317 292 2344 p
323 2316 392 2342 44η-

217 2399 350 2438 Huder.
386 2397 574 2448 Plyfiolog.
644 2399 752 2440 Tom.
790 2399 864 2440 IV.
1210 2400 1244 2438 Z
1276 2411 1298 2436 z
1326 2413 1349 2438 z
