<?xml version="1.0" encoding="UTF-8"?>
<!DOCTYPE html PUBLIC "-//W3C//DTD XHTML 1.0 Transitional//EN"
    "http://www.w3.org/TR/xhtml1/DTD/xhtml1-transitional.dtd">
<html xmlns="http://www.w3.org/1999/xhtml" xml:lang="en" lang="en">
 <head>
  <title>
</title>
<meta http-equiv="Content-Type" content="text/html;charset=utf-8" />
  <meta name='ocr-system' content='tesseract 3.04.00' />
  <meta name='ocr-capabilities' content='ocr_page ocr_carea ocr_par ocr_line ocrx_word'/>
</head>
<body>
  <div class='ocr_page' id='page_1' title='image "./elementaphysiolo04hall_0503.png"; bbox 0 0 1895 2650; ppageno 0'>
   <div class='ocr_carea' id='block_1_1' title="bbox 371 141 1650 196">
    <p class='ocr_par' dir='ltr' id='par_1_1' title="bbox 371 141 1650 196">
     <span class='ocr_line' id='line_1_1' title="bbox 371 141 1650 196; baseline 0.002 -14"><span class='ocrx_word' id='word_1_1' title='bbox 371 141 689 182; x_wconf 69' lang='lat' dir='ltr'><em>SECTII.</em></span> <span class='ocrx_word' id='word_1_2' title='bbox 784 141 1368 184; x_wconf 81' lang='lat' dir='ltr'>PHAENOMENA.</span> <span class='ocrx_word' id='word_1_3' title='bbox 1569 156 1650 196; x_wconf 78' lang='lat'>483</span> 
     </span>
    </p>
   </div>
   <div class='ocr_carea' id='block_1_2' title="bbox 63 236 1656 1642">
    <p class='ocr_par' dir='ltr' id='par_1_2' title="bbox 71 236 1656 465">
     <span class='ocr_line' id='line_1_2' title="bbox 73 236 1655 291; baseline -0.001 -10"><span class='ocrx_word' id='word_1_4' title='bbox 73 240 196 282; x_wconf 64' lang='lat' dir='ltr'>trastio</span> <span class='ocrx_word' id='word_1_5' title='bbox 225 238 374 277; x_wconf 88' lang='lat' dir='ltr'>musculi</span> <span class='ocrx_word' id='word_1_6' title='bbox 403 239 493 275; x_wconf 81' lang='lat' dir='ltr'>redit</span> <span class='ocrx_word' id='word_1_7' title='bbox 514 238 557 276; x_wconf 89' lang='lat' dir='ltr'>ad</span> <span class='ocrx_word' id='word_1_8' title='bbox 580 236 656 291; x_wconf 60' lang='grc' dir='ltr'>Τὲδ.</span> <span class='ocrx_word' id='word_1_9' title='bbox 691 238 820 274; x_wconf 86' lang='lat' dir='ltr'>minuti</span> <span class='ocrx_word' id='word_1_10' title='bbox 847 236 1013 275; x_wconf 83' lang='lat' dir='ltr'>secundi:</span> <span class='ocrx_word' id='word_1_11' title='bbox 1037 239 1167 277; x_wconf 84' lang='lat' dir='ltr'>deinde</span> <span class='ocrx_word' id='word_1_12' title='bbox 1208 239 1324 277; x_wconf 88' lang='lat' dir='ltr'>sumto</span> <span class='ocrx_word' id='word_1_13' title='bbox 1358 239 1441 278; x_wconf 81' lang='lat' dir='ltr'>saltu</span> <span class='ocrx_word' id='word_1_14' title='bbox 1469 240 1581 290; x_wconf 89' lang='lat' dir='ltr'>duplo</span> <span class='ocrx_word' id='word_1_15' title='bbox 1599 255 1655 281; x_wconf 89' lang='lat' dir='ltr'>ce-</span> 
     </span>
     <span class='ocr_line' id='line_1_3' title="bbox 72 297 1652 340; baseline 0 -2"><span class='ocrx_word' id='word_1_16' title='bbox 72 302 193 339; x_wconf 76' lang='lat' dir='ltr'>leriori</span> <span class='ocrx_word' id='word_1_17' title='bbox 213 299 313 337; x_wconf 81' lang='lat' dir='ltr'>cursu</span> <span class='ocrx_word' id='word_1_18' title='bbox 335 299 510 335; x_wconf 61' lang='lat' dir='ltr'>mediocri</span> <span class='ocrx_word' id='word_1_19' title='bbox 530 325 538 340; x_wconf 93' lang='lat'>,</span> <span class='ocrx_word' id='word_1_20' title='bbox 579 307 682 335; x_wconf 84' lang='lat' dir='ltr'>erunt</span> <span class='ocrx_word' id='word_1_21' title='bbox 719 300 933 334; x_wconf 75' lang='lat' dir='ltr'>elevationes</span> <span class='ocrx_word' id='word_1_22' title='bbox 966 297 1111 335; x_wconf 77' lang='lat' dir='ltr'>femoris</span> <span class='ocrx_word' id='word_1_23' title='bbox 1134 301 1168 335; x_wconf 89' lang='lat' dir='ltr'>in</span> <span class='ocrx_word' id='word_1_24' title='bbox 1205 299 1348 336; x_wconf 88' lang='lat' dir='ltr'>minuto</span> <span class='ocrx_word' id='word_1_25' title='bbox 1373 298 1529 338; x_wconf 83' lang='lat' dir='ltr'>secundo</span> <span class='ocrx_word' id='word_1_26' title='bbox 1556 312 1652 338; x_wconf 85' lang='lat'>200.</span> 
     </span>
     <span class='ocr_line' id='line_1_4' title="bbox 72 355 1656 403; baseline 0.001 -7"><span class='ocrx_word' id='word_1_27' title='bbox 72 360 109 398; x_wconf 85' lang='lat' dir='ltr'>Si</span> <span class='ocrx_word' id='word_1_28' title='bbox 144 370 227 395; x_wconf 86' lang='lat' dir='ltr'>vero</span> <span class='ocrx_word' id='word_1_29' title='bbox 264 368 320 394; x_wconf 92' lang='lat'>12.</span> <span class='ocrx_word' id='word_1_30' title='bbox 353 364 512 399; x_wconf 79' lang='lat' dir='ltr'>tantun,</span> <span class='ocrx_word' id='word_1_31' title='bbox 551 355 654 393; x_wconf 78' lang='lat' dir='ltr'>horas</span> <span class='ocrx_word' id='word_1_32' title='bbox 685 355 727 391; x_wconf 87' lang='lat' dir='ltr'>ad</span> <span class='ocrx_word' id='word_1_33' title='bbox 769 356 1006 400; x_wconf 77' lang='lat' dir='ltr'>percurrenda</span> <span class='ocrx_word' id='word_1_34' title='bbox 1041 364 1102 401; x_wconf 82' lang='lat'>65.</span> <span class='ocrx_word' id='word_1_35' title='bbox 1136 356 1296 394; x_wconf 82' lang='lat' dir='ltr'>milliaria</span> <span class='ocrx_word' id='word_1_36' title='bbox 1321 357 1542 403; x_wconf 77' lang='lat' dir='ltr'>adhibuerit,</span> <span class='ocrx_word' id='word_1_37' title='bbox 1590 361 1656 397; x_wconf 83' lang='lat' dir='ltr'>erit</span> 
     </span>
     <span class='ocr_line' id='line_1_5' title="bbox 71 414 1028 465; baseline -0.006 -9"><span class='ocrx_word' id='word_1_38' title='bbox 71 418 222 457; x_wconf 42' lang='lat' dir='ltr'>elevatio</span> <span class='ocrx_word' id='word_1_39' title='bbox 252 417 395 453; x_wconf 81' lang='lat' dir='ltr'>femoris</span> <span class='ocrx_word' id='word_1_40' title='bbox 426 415 508 452; x_wconf 58' lang='lat' dir='ltr'>facia</span> <span class='ocrx_word' id='word_1_41' title='bbox 538 415 574 451; x_wconf 89' lang='lat' dir='ltr'>in</span> <span class='ocrx_word' id='word_1_42' title='bbox 602 414 681 465; x_wconf 50' lang='lat'><strong>2¹50.</strong></span> <span class='ocrx_word' id='word_1_43' title='bbox 714 416 844 451; x_wconf 74' lang='lat' dir='ltr'>minuti</span> <span class='ocrx_word' id='word_1_44' title='bbox 877 414 1028 452; x_wconf 85' lang='lat' dir='ltr'>secundi.</span> 
     </span>
    </p>

    <p class='ocr_par' dir='ltr' id='par_1_3' title="bbox 67 473 1654 1056">
     <span class='ocr_line' id='line_1_6' title="bbox 131 473 1653 525; baseline 0.001 -12"><span class='ocrx_word' id='word_1_45' title='bbox 131 477 265 514; x_wconf 86' lang='lat' dir='ltr'>lterum</span> <span class='ocrx_word' id='word_1_46' title='bbox 299 475 504 512; x_wconf 85' lang='lat' dir='ltr'>celerrimus</span> <span class='ocrx_word' id='word_1_47' title='bbox 530 484 653 511; x_wconf 87' lang='lat' dir='ltr'>motus</span> <span class='ocrx_word' id='word_1_48' title='bbox 686 473 734 509; x_wconf 81' lang='lat' dir='ltr'>est</span> <span class='ocrx_word' id='word_1_49' title='bbox 759 473 1003 511; x_wconf 84' lang='lat' dir='ltr'>musculorum</span> <span class='ocrx_word' id='word_1_50' title='bbox 1036 474 1071 509; x_wconf 90' lang='lat' dir='ltr'>in</span> <span class='ocrx_word' id='word_1_51' title='bbox 1101 473 1274 521; x_wconf 79' lang='lat' dir='ltr'>loquente</span> <span class='ocrx_word' id='word_1_52' title='bbox 1291 474 1463 518; x_wconf 84' lang='lat' dir='ltr'>homine,</span> <span class='ocrx_word' id='word_1_53' title='bbox 1499 478 1561 525; x_wconf 92' lang='lat' dir='ltr'>qui</span> <span class='ocrx_word' id='word_1_54' title='bbox 1578 477 1653 516; x_wconf 83' lang='lat' dir='ltr'>aliis</span> 
     </span>
     <span class='ocr_line' id='line_1_7' title="bbox 71 529 1653 582; baseline 0 -8"><span class='ocrx_word' id='word_1_55' title='bbox 71 536 108 574; x_wconf 91' lang='lat'>&amp;</span> <span class='ocrx_word' id='word_1_56' title='bbox 134 536 208 572; x_wconf 86' lang='lat' dir='ltr'>aliis</span> <span class='ocrx_word' id='word_1_57' title='bbox 238 534 403 571; x_wconf 84' lang='lat' dir='ltr'>musculis</span> <span class='ocrx_word' id='word_1_58' title='bbox 450 536 486 570; x_wconf 88' lang='lat' dir='ltr'>in</span> <span class='ocrx_word' id='word_1_59' title='bbox 514 534 657 570; x_wconf 86' lang='lat' dir='ltr'>minuto</span> <span class='ocrx_word' id='word_1_60' title='bbox 686 534 804 580; x_wconf 78' lang='lat' dir='ltr'>primo</span> <span class='ocrx_word' id='word_1_61' title='bbox 861 543 976 576; x_wconf 89' lang='lat'>1500.</span> <span class='ocrx_word' id='word_1_62' title='bbox 1021 529 1136 569; x_wconf 59' lang='lat' dir='ltr'>literas</span> <span class='ocrx_word' id='word_1_63' title='bbox 1182 536 1420 582; x_wconf 80' lang='lat' dir='ltr'>pronunciat,</span> <span class='ocrx_word' id='word_1_64' title='bbox 1461 543 1500 573; x_wconf 89' lang='lat' dir='ltr'>ut</span> <span class='ocrx_word' id='word_1_65' title='bbox 1533 538 1567 573; x_wconf 88' lang='lat' dir='ltr'>in</span> <span class='ocrx_word' id='word_1_66' title='bbox 1597 549 1653 574; x_wconf 86' lang='lat' dir='ltr'>ae-</span> 
     </span>
     <span class='ocr_line' id='line_1_8' title="bbox 69 589 1653 642; baseline -0.003 -11"><span class='ocrx_word' id='word_1_67' title='bbox 69 595 176 632; x_wconf 70' lang='lat' dir='ltr'>neide</span> <span class='ocrx_word' id='word_1_68' title='bbox 206 594 456 641; x_wconf 83' lang='lat' dir='ltr'>experimento</span> <span class='ocrx_word' id='word_1_69' title='bbox 490 592 580 629; x_wconf 64' lang='lat' dir='ltr'>facto</span> <span class='ocrx_word' id='word_1_70' title='bbox 623 593 734 640; x_wconf 86' lang='lat' dir='ltr'>reperi</span> <span class='ocrx_word' id='word_1_71' title='bbox 771 590 846 628; x_wconf 76' lang='lat' dir='ltr'>fieti</span> <span class='ocrx_word' id='word_1_72' title='bbox 880 591 1001 640; x_wconf 68' lang='lat' dir='ltr'>porse:</span> <span class='ocrx_word' id='word_1_73' title='bbox 1044 591 1095 628; x_wconf 86' lang='lat' dir='ltr'>Ita</span> <span class='ocrx_word' id='word_1_74' title='bbox 1134 593 1169 628; x_wconf 91' lang='lat' dir='ltr'>in</span> <span class='ocrx_word' id='word_1_75' title='bbox 1210 589 1407 632; x_wconf 62' lang='lat' dir='ltr'>15ooes¹ma</span> <span class='ocrx_word' id='word_1_76' title='bbox 1452 602 1556 642; x_wconf 70' lang='lat' dir='ltr'>parte</span> <span class='ocrx_word' id='word_1_77' title='bbox 1586 597 1653 632; x_wconf 76' lang='lat' dir='ltr'>mi-</span> 
     </span>
     <span class='ocr_line' id='line_1_9' title="bbox 68 651 1654 702; baseline -0.001 -11"><span class='ocrx_word' id='word_1_78' title='bbox 68 655 148 691; x_wconf 88' lang='lat' dir='ltr'>nuti</span> <span class='ocrx_word' id='word_1_79' title='bbox 176 655 283 702; x_wconf 88' lang='lat' dir='ltr'>primi</span> <span class='ocrx_word' id='word_1_80' title='bbox 314 651 492 689; x_wconf 83' lang='lat' dir='ltr'>musculus</span> <span class='ocrx_word' id='word_1_81' title='bbox 526 651 652 700; x_wconf 70' lang='lat' dir='ltr'>aliquis</span> <span class='ocrx_word' id='word_1_82' title='bbox 682 653 864 687; x_wconf 85' lang='lat' dir='ltr'>literarum</span> <span class='ocrx_word' id='word_1_83' title='bbox 899 658 1036 688; x_wconf 86' lang='lat' dir='ltr'>creator</span> <span class='ocrx_word' id='word_1_84' title='bbox 1065 658 1168 698; x_wconf 83' lang='lat' dir='ltr'>aget,</span> <span class='ocrx_word' id='word_1_85' title='bbox 1228 651 1264 686; x_wconf 90' lang='lat'>&amp;</span> <span class='ocrx_word' id='word_1_86' title='bbox 1298 663 1380 687; x_wconf 83' lang='lat' dir='ltr'>cum</span> <span class='ocrx_word' id='word_1_87' title='bbox 1414 664 1513 701; x_wconf 73' lang='lat' dir='ltr'>aeque</span> <span class='ocrx_word' id='word_1_88' title='bbox 1544 654 1654 701; x_wconf 85' lang='lat' dir='ltr'>longa</span> 
     </span>
     <span class='ocr_line' id='line_1_10' title="bbox 68 708 1649 760; baseline -0.001 -9"><span class='ocrx_word' id='word_1_89' title='bbox 68 712 220 751; x_wconf 70' lang='lat' dir='ltr'>musculi</span> <span class='ocrx_word' id='word_1_90' title='bbox 258 711 430 749; x_wconf 75' lang='lat' dir='ltr'>relaxatio</span> <span class='ocrx_word' id='word_1_91' title='bbox 447 709 510 753; x_wconf 82' lang='lat' dir='ltr'>fit,</span> <span class='ocrx_word' id='word_1_92' title='bbox 537 711 574 746; x_wconf 88' lang='lat' dir='ltr'>in</span> <span class='ocrx_word' id='word_1_93' title='bbox 620 708 721 760; x_wconf 66' lang='lat'>35&#39;35·</span> <span class='ocrx_word' id='word_1_94' title='bbox 749 711 878 746; x_wconf 87' lang='lat' dir='ltr'>minuti</span> <span class='ocrx_word' id='word_1_95' title='bbox 900 711 1031 758; x_wconf 88' lang='lat' dir='ltr'>primi,</span> <span class='ocrx_word' id='word_1_96' title='bbox 1069 721 1199 757; x_wconf 86' lang='lat' dir='ltr'>nempe</span> <span class='ocrx_word' id='word_1_97' title='bbox 1244 709 1316 747; x_wconf 78' lang='lat' dir='ltr'>fere</span> <span class='ocrx_word' id='word_1_98' title='bbox 1352 711 1388 746; x_wconf 88' lang='lat' dir='ltr'>in</span> <span class='ocrx_word' id='word_1_99' title='bbox 1422 723 1490 748; x_wconf 79' lang='lat' dir='ltr'>una</span> <span class='ocrx_word' id='word_1_100' title='bbox 1528 714 1649 755; x_wconf 75' lang='lat' dir='ltr'>tertia,</span> 
     </span>
     <span class='ocr_line' id='line_1_11' title="bbox 68 768 1649 813; baseline -0.001 -4"><span class='ocrx_word' id='word_1_101' title='bbox 68 771 266 810; x_wconf 62' lang='lat' dir='ltr'>contractio</span> <span class='ocrx_word' id='word_1_102' title='bbox 304 769 528 807; x_wconf 88' lang='lat' dir='ltr'>absolvetur:</span> <span class='ocrx_word' id='word_1_103' title='bbox 573 768 691 806; x_wconf 87' lang='lat' dir='ltr'>multo</span> <span class='ocrx_word' id='word_1_104' title='bbox 724 775 841 805; x_wconf 85' lang='lat' dir='ltr'>tamen</span> <span class='ocrx_word' id='word_1_105' title='bbox 871 768 1045 810; x_wconf 87' lang='lat' dir='ltr'>celerius,</span> <span class='ocrx_word' id='word_1_106' title='bbox 1080 780 1163 806; x_wconf 89' lang='lat' dir='ltr'>cum</span> <span class='ocrx_word' id='word_1_107' title='bbox 1187 770 1280 805; x_wconf 87' lang='lat' dir='ltr'>inter</span> <span class='ocrx_word' id='word_1_108' title='bbox 1319 781 1374 805; x_wconf 81' lang='lat' dir='ltr'>eas</span> <span class='ocrx_word' id='word_1_109' title='bbox 1411 770 1525 807; x_wconf 82' lang='lat' dir='ltr'>literas</span> <span class='ocrx_word' id='word_1_110' title='bbox 1557 772 1649 813; x_wconf 79' lang='lat' dir='ltr'>lint,</span> 
     </span>
     <span class='ocr_line' id='line_1_12' title="bbox 67 827 1652 881; baseline -0.001 -13"><span class='ocrx_word' id='word_1_111' title='bbox 67 843 146 881; x_wconf 80' lang='lat' dir='ltr'>quae</span> <span class='ocrx_word' id='word_1_112' title='bbox 172 829 293 867; x_wconf 85' lang='lat' dir='ltr'>multis</span> <span class='ocrx_word' id='word_1_113' title='bbox 321 829 469 866; x_wconf 89' lang='lat' dir='ltr'>demum</span> <span class='ocrx_word' id='word_1_114' title='bbox 488 856 497 869; x_wconf 79' lang='lat'><em>‚</em></span> <span class='ocrx_word' id='word_1_115' title='bbox 539 828 575 864; x_wconf 70' lang='grc' dir='ltr'>ἃ</span> <span class='ocrx_word' id='word_1_116' title='bbox 610 828 768 875; x_wconf 83' lang='lat' dir='ltr'>repetitis</span> <span class='ocrx_word' id='word_1_117' title='bbox 804 827 953 865; x_wconf 81' lang='lat' dir='ltr'>musculi</span> <span class='ocrx_word' id='word_1_118' title='bbox 992 827 1153 874; x_wconf 87' lang='lat' dir='ltr'>ejusdem</span> <span class='ocrx_word' id='word_1_119' title='bbox 1182 828 1380 864; x_wconf 64' lang='lat' dir='ltr'>actionibus</span> <span class='ocrx_word' id='word_1_120' title='bbox 1407 837 1547 877; x_wconf 84' lang='lat' dir='ltr'>agunt,</span> <span class='ocrx_word' id='word_1_121' title='bbox 1590 841 1652 866; x_wconf 82' lang='lat' dir='ltr'>ex-</span> 
     </span>
     <span class='ocr_line' id='line_1_13' title="bbox 68 884 1654 938; baseline -0.001 -11"><span class='ocrx_word' id='word_1_122' title='bbox 68 889 190 938; x_wconf 86' lang='lat' dir='ltr'>emplo</span> <span class='ocrx_word' id='word_1_123' title='bbox 223 889 331 925; x_wconf 79' lang='lat' dir='ltr'>literae</span> <span class='ocrx_word' id='word_1_124' title='bbox 346 899 375 924; x_wconf 84' lang='lat' dir='ltr'>r.</span> <span class='ocrx_word' id='word_1_125' title='bbox 444 886 525 934; x_wconf 82' lang='lat' dir='ltr'>Ejus</span> <span class='ocrx_word' id='word_1_126' title='bbox 557 893 729 924; x_wconf 87' lang='lat' dir='ltr'>tremores</span> <span class='ocrx_word' id='word_1_127' title='bbox 762 884 785 922; x_wconf 86' lang='lat' dir='ltr'>ss</span> <span class='ocrx_word' id='word_1_128' title='bbox 806 885 929 924; x_wconf 85' lang='lat' dir='ltr'>feceris</span> <span class='ocrx_word' id='word_1_129' title='bbox 950 897 1006 923; x_wconf 86' lang='lat'>¹0.</span> <span class='ocrx_word' id='word_1_130' title='bbox 1044 895 1149 923; x_wconf 84' lang='lat' dir='ltr'>erunt</span> <span class='ocrx_word' id='word_1_131' title='bbox 1185 886 1428 924; x_wconf 84' lang='lat' dir='ltr'>musculorum</span> <span class='ocrx_word' id='word_1_132' title='bbox 1463 887 1654 937; x_wconf 80' lang='lat' dir='ltr'>styloglos-</span> 
     </span>
     <span class='ocr_line' id='line_1_14' title="bbox 67 944 1651 1002; baseline -0.001 -16"><span class='ocrx_word' id='word_1_133' title='bbox 67 949 188 1002; x_wconf 77' lang='lat' dir='ltr'>sorum</span> <span class='ocrx_word' id='word_1_134' title='bbox 219 946 483 984; x_wconf 64' lang='lat' dir='ltr'>contractiones</span> <span class='ocrx_word' id='word_1_135' title='bbox 513 947 605 982; x_wconf 83' lang='lat' dir='ltr'>intra</span> <span class='ocrx_word' id='word_1_136' title='bbox 632 948 813 982; x_wconf 78' lang='lat' dir='ltr'>mInutum</span> <span class='ocrx_word' id='word_1_137' title='bbox 848 947 1007 993; x_wconf 87' lang='lat' dir='ltr'>primum</span> <span class='ocrx_word' id='word_1_138' title='bbox 1047 955 1197 988; x_wconf 84' lang='lat'>30000.</span> <span class='ocrx_word' id='word_1_139' title='bbox 1239 944 1308 982; x_wconf 85' lang='lat' dir='ltr'>five</span> <span class='ocrx_word' id='word_1_140' title='bbox 1340 947 1442 983; x_wconf 88' lang='lat' dir='ltr'>unica</span> <span class='ocrx_word' id='word_1_141' title='bbox 1467 948 1503 983; x_wconf 91' lang='lat' dir='ltr'>in</span> <span class='ocrx_word' id='word_1_142' title='bbox 1529 947 1651 999; x_wconf 62' lang='lat'>30&#39;333.</span> 
     </span>
     <span class='ocr_line' id='line_1_15' title="bbox 68 1002 1021 1054; baseline -0.004 -10"><span class='ocrx_word' id='word_1_143' title='bbox 68 1006 200 1044; x_wconf 91' lang='lat' dir='ltr'>minuti</span> <span class='ocrx_word' id='word_1_144' title='bbox 228 1005 359 1054; x_wconf 86' lang='lat' dir='ltr'>primi,</span> <span class='ocrx_word' id='word_1_145' title='bbox 394 1004 464 1041; x_wconf 80' lang='lat' dir='ltr'>sive</span> <span class='ocrx_word' id='word_1_146' title='bbox 500 1005 536 1040; x_wconf 89' lang='lat' dir='ltr'>in</span> <span class='ocrx_word' id='word_1_147' title='bbox 558 1002 590 1046; x_wconf 63' lang='lat' dir='ltr'>L.</span> <span class='ocrx_word' id='word_1_148' title='bbox 619 1012 717 1051; x_wconf 75' lang='lat' dir='ltr'>parte</span> <span class='ocrx_word' id='word_1_149' title='bbox 755 1004 886 1040; x_wconf 88' lang='lat' dir='ltr'>minuti</span> <span class='ocrx_word' id='word_1_150' title='bbox 918 1004 1021 1040; x_wconf 85' lang='lat' dir='ltr'>tertii.</span> 
     </span>
    </p>

    <p class='ocr_par' dir='ltr' id='par_1_4' title="bbox 63 1061 1652 1576">
     <span class='ocr_line' id='line_1_16' title="bbox 125 1061 1647 1114; baseline -0.001 -11"><span class='ocrx_word' id='word_1_151' title='bbox 125 1065 295 1114; x_wconf 85' lang='lat' dir='ltr'>Denique</span> <span class='ocrx_word' id='word_1_152' title='bbox 337 1062 361 1100; x_wconf 81' lang='lat' dir='ltr'><strong>fi</strong></span> <span class='ocrx_word' id='word_1_153' title='bbox 398 1062 519 1100; x_wconf 88' lang='lat' dir='ltr'>liceret</span> <span class='ocrx_word' id='word_1_154' title='bbox 550 1063 735 1110; x_wconf 83' lang='lat' dir='ltr'>recipere,</span> <span class='ocrx_word' id='word_1_155' title='bbox 791 1062 880 1098; x_wconf 89' lang='lat' dir='ltr'>intra</span> <span class='ocrx_word' id='word_1_156' title='bbox 899 1073 930 1105; x_wconf 89' lang='lat'>9.</span> <span class='ocrx_word' id='word_1_157' title='bbox 986 1061 1040 1098; x_wconf 88' lang='lat' dir='ltr'>vel</span> <span class='ocrx_word' id='word_1_158' title='bbox 1070 1073 1128 1099; x_wconf 83' lang='lat'>10.</span> <span class='ocrx_word' id='word_1_159' title='bbox 1164 1062 1329 1104; x_wconf 80' lang='lat' dir='ltr'>minuta,</span> <span class='ocrx_word' id='word_1_160' title='bbox 1375 1061 1562 1101; x_wconf 86' lang='lat' dir='ltr'>columbas</span> <span class='ocrx_word' id='word_1_161' title='bbox 1587 1074 1647 1107; x_wconf 86' lang='lat'>30.</span> 
     </span>
     <span class='ocr_line' id='line_1_17' title="bbox 64 1120 1639 1170; baseline -0.001 -8"><span class='ocrx_word' id='word_1_162' title='bbox 64 1124 230 1162; x_wconf 86' lang='lat' dir='ltr'>milliaria</span> <span class='ocrx_word' id='word_1_163' title='bbox 258 1121 416 1159; x_wconf 85' lang='lat' dir='ltr'>volando</span> <span class='ocrx_word' id='word_1_164' title='bbox 453 1120 725 1170; x_wconf 85' lang='lat' dir='ltr'>relegere(0),</span> <span class='ocrx_word' id='word_1_165' title='bbox 774 1120 931 1158; x_wconf 89' lang='lat' dir='ltr'>multum</span> <span class='ocrx_word' id='word_1_166' title='bbox 965 1120 1039 1158; x_wconf 82' lang='lat' dir='ltr'>haec</span> <span class='ocrx_word' id='word_1_167' title='bbox 1078 1120 1248 1158; x_wconf 86' lang='lat' dir='ltr'>velocitas</span> <span class='ocrx_word' id='word_1_168' title='bbox 1287 1121 1422 1169; x_wconf 83' lang='lat' dir='ltr'>priores</span> <span class='ocrx_word' id='word_1_169' title='bbox 1454 1121 1639 1170; x_wconf 84' lang='lat' dir='ltr'>superaret.</span> 
     </span>
     <span class='ocr_line' id='line_1_18' title="bbox 64 1178 1652 1230; baseline -0.004 -9"><span class='ocrx_word' id='word_1_170' title='bbox 64 1183 170 1221; x_wconf 59' lang='lat' dir='ltr'>Facio</span> <span class='ocrx_word' id='word_1_171' title='bbox 204 1193 335 1230; x_wconf 87' lang='lat' dir='ltr'>nempe</span> <span class='ocrx_word' id='word_1_172' title='bbox 370 1180 455 1217; x_wconf 83' lang='lat' dir='ltr'>saltu</span> <span class='ocrx_word' id='word_1_173' title='bbox 492 1179 637 1217; x_wconf 65' lang='lat' dir='ltr'>aviculae</span> <span class='ocrx_word' id='word_1_174' title='bbox 665 1180 708 1216; x_wconf 88' lang='lat' dir='ltr'>ab</span> <span class='ocrx_word' id='word_1_175' title='bbox 736 1190 805 1216; x_wconf 87' lang='lat' dir='ltr'>una</span> <span class='ocrx_word' id='word_1_176' title='bbox 834 1179 894 1217; x_wconf 86' lang='lat' dir='ltr'>alae</span> <span class='ocrx_word' id='word_1_177' title='bbox 919 1178 1163 1221; x_wconf 84' lang='lat' dir='ltr'>succuffione,</span> <span class='ocrx_word' id='word_1_178' title='bbox 1207 1187 1336 1227; x_wconf 84' lang='lat' dir='ltr'>quanta</span> <span class='ocrx_word' id='word_1_179' title='bbox 1368 1180 1415 1216; x_wconf 89' lang='lat' dir='ltr'>est</span> <span class='ocrx_word' id='word_1_180' title='bbox 1438 1183 1509 1218; x_wconf 82' lang='lat' dir='ltr'>avis</span> <span class='ocrx_word' id='word_1_181' title='bbox 1533 1181 1652 1230; x_wconf 85' lang='lat' dir='ltr'>longi-</span> 
     </span>
     <span class='ocr_line' id='line_1_19' title="bbox 64 1236 1652 1290; baseline -0.001 -10"><span class='ocrx_word' id='word_1_182' title='bbox 64 1242 183 1284; x_wconf 81' lang='lat' dir='ltr'>tudo,</span> <span class='ocrx_word' id='word_1_183' title='bbox 213 1252 292 1290; x_wconf 80' lang='lat' dir='ltr'>quae</span> <span class='ocrx_word' id='word_1_184' title='bbox 316 1240 386 1277; x_wconf 83' lang='lat' dir='ltr'>fere</span> <span class='ocrx_word' id='word_1_185' title='bbox 406 1239 590 1276; x_wconf 83' lang='lat' dir='ltr'>dodrantis</span> <span class='ocrx_word' id='word_1_186' title='bbox 615 1238 663 1275; x_wconf 85' lang='lat' dir='ltr'>est</span> <span class='ocrx_word' id='word_1_187' title='bbox 682 1265 690 1279; x_wconf 89' lang='lat'>‚</span> <span class='ocrx_word' id='word_1_188' title='bbox 736 1236 844 1275; x_wconf 75' lang='lat' dir='ltr'>effent</span> <span class='ocrx_word' id='word_1_189' title='bbox 877 1237 1011 1276; x_wconf 86' lang='lat' dir='ltr'>alarum</span> <span class='ocrx_word' id='word_1_190' title='bbox 1043 1237 1280 1276; x_wconf 76' lang='lat' dir='ltr'>succuffiones</span> <span class='ocrx_word' id='word_1_191' title='bbox 1322 1238 1364 1275; x_wconf 89' lang='lat' dir='ltr'>ad</span> <span class='ocrx_word' id='word_1_192' title='bbox 1400 1250 1459 1282; x_wconf 84' lang='lat'>30.</span> <span class='ocrx_word' id='word_1_193' title='bbox 1490 1241 1652 1279; x_wconf 79' lang='lat' dir='ltr'>milliaria</span> 
     </span>
     <span class='ocr_line' id='line_1_20' title="bbox 63 1296 1652 1352; baseline -0.001 -13"><span class='ocrx_word' id='word_1_194' title='bbox 63 1298 334 1352; x_wconf 86' lang='lat' dir='ltr'>percurrenda,</span> <span class='ocrx_word' id='word_1_195' title='bbox 371 1296 492 1347; x_wconf 78' lang='lat' dir='ltr'>polito</span> <span class='ocrx_word' id='word_1_196' title='bbox 530 1296 646 1346; x_wconf 90' lang='lat' dir='ltr'>gradu</span> <span class='ocrx_word' id='word_1_197' title='bbox 679 1296 796 1334; x_wconf 85' lang='lat' dir='ltr'>celesti</span> <span class='ocrx_word' id='word_1_198' title='bbox 826 1307 976 1342; x_wconf 81' lang='lat'>57100.</span> <span class='ocrx_word' id='word_1_199' title='bbox 1013 1297 1136 1346; x_wconf 80' lang='lat' dir='ltr'>hexap.</span> <span class='ocrx_word' id='word_1_200' title='bbox 1164 1297 1420 1335; x_wconf 85' lang='lat' dir='ltr'>&amp;milliarium</span> <span class='ocrx_word' id='word_1_201' title='bbox 1443 1311 1505 1343; x_wconf 91' lang='lat'>70.</span> <span class='ocrx_word' id='word_1_202' title='bbox 1533 1302 1652 1337; x_wconf 88' lang='lat' dir='ltr'>omni-</span> 
     </span>
     <span class='ocr_line' id='line_1_21' title="bbox 63 1356 1646 1407; baseline -0.001 -9"><span class='ocrx_word' id='word_1_203' title='bbox 63 1372 115 1398; x_wconf 89' lang='lat' dir='ltr'>no</span> <span class='ocrx_word' id='word_1_204' title='bbox 138 1369 212 1397; x_wconf 77' lang='lat'>201</span> <span class='ocrx_word' id='word_1_205' title='bbox 228 1364 320 1405; x_wconf 79' lang='lat'><strong>387.</strong></span> <span class='ocrx_word' id='word_1_206' title='bbox 387 1356 484 1395; x_wconf 89' lang='lat' dir='ltr'>Cum</span> <span class='ocrx_word' id='word_1_207' title='bbox 505 1368 598 1394; x_wconf 90' lang='lat' dir='ltr'>vero</span> <span class='ocrx_word' id='word_1_208' title='bbox 625 1357 662 1393; x_wconf 89' lang='lat' dir='ltr'>in</span> <span class='ocrx_word' id='word_1_209' title='bbox 687 1367 746 1392; x_wconf 88' lang='lat'>10.</span> <span class='ocrx_word' id='word_1_210' title='bbox 768 1357 914 1394; x_wconf 74' lang='lat' dir='ltr'>minutis</span> <span class='ocrx_word' id='word_1_211' title='bbox 941 1358 1066 1407; x_wconf 86' lang='lat' dir='ltr'>primis</span> <span class='ocrx_word' id='word_1_212' title='bbox 1092 1358 1345 1401; x_wconf 83' lang='lat' dir='ltr'>contineantur</span> <span class='ocrx_word' id='word_1_213' title='bbox 1365 1357 1475 1395; x_wconf 82' lang='lat' dir='ltr'>tertiae</span> <span class='ocrx_word' id='word_1_214' title='bbox 1499 1364 1646 1401; x_wconf 80' lang='lat'><em>36000.</em></span> 
     </span>
     <span class='ocr_line' id='line_1_22' title="bbox 65 1414 1652 1463; baseline -0.002 -5"><span class='ocrx_word' id='word_1_215' title='bbox 65 1420 102 1458; x_wconf 91' lang='lat'>&amp;</span> <span class='ocrx_word' id='word_1_216' title='bbox 147 1431 230 1457; x_wconf 90' lang='lat' dir='ltr'>cum</span> <span class='ocrx_word' id='word_1_217' title='bbox 269 1424 390 1455; x_wconf 87' lang='lat' dir='ltr'>motus</span> <span class='ocrx_word' id='word_1_218' title='bbox 422 1417 483 1453; x_wconf 81' lang='lat' dir='ltr'>alae</span> <span class='ocrx_word' id='word_1_219' title='bbox 512 1418 549 1453; x_wconf 89' lang='lat' dir='ltr'>in</span> <span class='ocrx_word' id='word_1_220' title='bbox 589 1414 741 1453; x_wconf 89' lang='lat' dir='ltr'>dimidio</span> <span class='ocrx_word' id='word_1_221' title='bbox 783 1414 844 1452; x_wconf 86' lang='lat' dir='ltr'>fiat</span> <span class='ocrx_word' id='word_1_222' title='bbox 880 1414 1077 1457; x_wconf 88' lang='lat' dir='ltr'>subsultus‚</span> <span class='ocrx_word' id='word_1_223' title='bbox 1127 1416 1193 1451; x_wconf 89' lang='lat' dir='ltr'>erit</span> <span class='ocrx_word' id='word_1_224' title='bbox 1237 1428 1306 1454; x_wconf 87' lang='lat' dir='ltr'>una</span> <span class='ocrx_word' id='word_1_225' title='bbox 1336 1417 1486 1463; x_wconf 80' lang='lat' dir='ltr'>agitatio</span> <span class='ocrx_word' id='word_1_226' title='bbox 1516 1417 1579 1454; x_wconf 80' lang='lat' dir='ltr'>alae</span> <span class='ocrx_word' id='word_1_227' title='bbox 1613 1419 1652 1455; x_wconf 88' lang='lat' dir='ltr'>in</span> 
     </span>
     <span class='ocr_line' id='line_1_23' title="bbox 65 1473 1650 1527; baseline -0.003 -10"><span class='ocrx_word' id='word_1_228' title='bbox 65 1477 294 1527; x_wconf 82' lang='lat' dir='ltr'>tempusculo</span> <span class='ocrx_word' id='word_1_229' title='bbox 336 1477 470 1513; x_wconf 88' lang='lat' dir='ltr'>minori</span> <span class='ocrx_word' id='word_1_230' title='bbox 505 1486 613 1525; x_wconf 84' lang='lat' dir='ltr'>quarn</span> <span class='ocrx_word' id='word_1_231' title='bbox 639 1473 690 1526; x_wconf 70' lang='lat' dir='ltr'>r&#39;r·</span> <span class='ocrx_word' id='word_1_232' title='bbox 724 1485 801 1523; x_wconf 83' lang='lat' dir='ltr'>pars</span> <span class='ocrx_word' id='word_1_233' title='bbox 835 1476 968 1517; x_wconf 70' lang='lat' dir='ltr'>tertiae,</span> <span class='ocrx_word' id='word_1_234' title='bbox 1017 1473 1088 1512; x_wconf 87' lang='lat' dir='ltr'>five</span> <span class='ocrx_word' id='word_1_235' title='bbox 1127 1475 1281 1511; x_wconf 89' lang='lat' dir='ltr'>omnino</span> <span class='ocrx_word' id='word_1_236' title='bbox 1311 1474 1402 1512; x_wconf 86' lang='lat' dir='ltr'>intra</span> <span class='ocrx_word' id='word_1_237' title='bbox 1430 1486 1460 1522; x_wconf 87' lang='lat'>5.</span> <span class='ocrx_word' id='word_1_238' title='bbox 1511 1483 1650 1526; x_wconf 74' lang='lat' dir='ltr'>quartas</span> 
     </span>
     <span class='ocr_line' id='line_1_24' title="bbox 67 1536 343 1576; baseline -0.018 1"><span class='ocrx_word' id='word_1_239' title='bbox 67 1549 152 1576; x_wconf 91' lang='lat' dir='ltr'>cum</span> <span class='ocrx_word' id='word_1_240' title='bbox 187 1536 343 1574; x_wconf 83' lang='lat' dir='ltr'>dimidia.</span> 
     </span>
    </p>

    <p class='ocr_par' dir='ltr' id='par_1_5' title="bbox 127 1590 1650 1642">
     <span class='ocr_line' id='line_1_25' title="bbox 127 1590 1650 1642; baseline -0.001 -9"><span class='ocrx_word' id='word_1_241' title='bbox 127 1595 276 1633; x_wconf 88' lang='lat' dir='ltr'>Summa</span> <span class='ocrx_word' id='word_1_242' title='bbox 316 1606 404 1642; x_wconf 88' lang='lat' dir='ltr'>ergo</span> <span class='ocrx_word' id='word_1_243' title='bbox 433 1593 591 1630; x_wconf 85' lang='lat' dir='ltr'>celeritas</span> <span class='ocrx_word' id='word_1_244' title='bbox 637 1591 844 1630; x_wconf 85' lang='lat' dir='ltr'>musculosae</span> <span class='ocrx_word' id='word_1_245' title='bbox 887 1590 1142 1630; x_wconf 64' lang='lat' dir='ltr'>contractionis</span> <span class='ocrx_word' id='word_1_246' title='bbox 1178 1593 1262 1635; x_wconf 85' lang='lat' dir='ltr'>erit,</span> <span class='ocrx_word' id='word_1_247' title='bbox 1309 1599 1350 1631; x_wconf 88' lang='lat' dir='ltr'>ut</span> <span class='ocrx_word' id='word_1_248' title='bbox 1383 1592 1501 1631; x_wconf 86' lang='lat' dir='ltr'>multo</span> <span class='ocrx_word' id='word_1_249' title='bbox 1532 1594 1650 1633; x_wconf 88' lang='lat' dir='ltr'>minus</span> 
     </span>
    </p>
   </div>
   <div class='ocr_carea' id='block_1_3' title="bbox 67 1651 1028 1706">
    <p class='ocr_par' dir='ltr' id='par_1_6' title="bbox 67 1651 1028 1706">
     <span class='ocr_line' id='line_1_26' title="bbox 67 1651 1028 1706; baseline -0.006 -12"><span class='ocrx_word' id='word_1_250' title='bbox 67 1666 177 1706; x_wconf 85' lang='lat' dir='ltr'>quam</span> <span class='ocrx_word' id='word_1_251' title='bbox 207 1655 314 1694; x_wconf 87' lang='lat' dir='ltr'>tertio</span> <span class='ocrx_word' id='word_1_252' title='bbox 343 1655 487 1691; x_wconf 89' lang='lat' dir='ltr'>minuto</span> <span class='ocrx_word' id='word_1_253' title='bbox 524 1651 568 1690; x_wconf 91' lang='lat' dir='ltr'>ad</span> <span class='ocrx_word' id='word_1_254' title='bbox 599 1651 885 1691; x_wconf 70' lang='lat' dir='ltr'>contractionem</span> <span class='ocrx_word' id='word_1_255' title='bbox 916 1659 1028 1700; x_wconf 84' lang='lat' dir='ltr'>egeat.</span> 
     </span>
    </p>
   </div>
   <div class='ocr_carea' id='block_1_4' title="bbox 391 1755 1323 1808">
    <p class='ocr_par' dir='ltr' id='par_1_7' title="bbox 391 1755 1323 1808">
     <span class='ocr_line' id='line_1_27' title="bbox 391 1755 1323 1808; baseline -0.004 -9"><span class='ocrx_word' id='word_1_256' title='bbox 391 1764 425 1806; x_wconf 81' lang='lat'>§.</span> <span class='ocrx_word' id='word_1_257' title='bbox 457 1755 633 1799; x_wconf 85' lang='lat' dir='ltr'>XXVI.</span> <span class='ocrx_word' id='word_1_258' title='bbox 703 1757 822 1797; x_wconf 85' lang='lat' dir='ltr'>Robur</span> <span class='ocrx_word' id='word_1_259' title='bbox 853 1758 1092 1796; x_wconf 62' lang='lat' dir='ltr'>contraffbiomit</span> <span class='ocrx_word' id='word_1_260' title='bbox 1123 1757 1323 1808; x_wconf 80' lang='lat' dir='ltr'>musculofae.</span> 
     </span>
    </p>
   </div>
   <div class='ocr_carea' id='block_1_5' title="bbox 63 1865 1649 2098">
    <p class='ocr_par' dir='ltr' id='par_1_8' title="bbox 63 1865 1649 2098">
     <span class='ocr_line' id='line_1_28' title="bbox 125 1865 1649 1917; baseline -0.002 -8"><span class='ocrx_word' id='word_1_261' title='bbox 125 1871 354 1911; x_wconf 86' lang='lat' dir='ltr'>Celeritatem</span> <span class='ocrx_word' id='word_1_262' title='bbox 386 1867 542 1905; x_wconf 86' lang='lat' dir='ltr'>diximus</span> <span class='ocrx_word' id='word_1_263' title='bbox 562 1868 757 1905; x_wconf 86' lang='lat' dir='ltr'>maximam</span> <span class='ocrx_word' id='word_1_264' title='bbox 775 1895 784 1910; x_wconf 95' lang='lat'>,</span> <span class='ocrx_word' id='word_1_265' title='bbox 816 1879 886 1917; x_wconf 87' lang='lat' dir='ltr'>qua</span> <span class='ocrx_word' id='word_1_266' title='bbox 915 1866 1095 1905; x_wconf 77' lang='lat' dir='ltr'>musculus</span> <span class='ocrx_word' id='word_1_267' title='bbox 1125 1866 1360 1905; x_wconf 84' lang='lat' dir='ltr'>contrahitur.</span> <span class='ocrx_word' id='word_1_268' title='bbox 1435 1865 1504 1906; x_wconf 87' lang='lat' dir='ltr'>Sed</span> <span class='ocrx_word' id='word_1_269' title='bbox 1540 1869 1649 1907; x_wconf 78' lang='lat' dir='ltr'>etiam</span> 
     </span>
     <span class='ocr_line' id='line_1_29' title="bbox 64 1925 1648 1976; baseline -0.002 -8"><span class='ocrx_word' id='word_1_270' title='bbox 64 1937 295 1970; x_wconf 83' lang='lat' dir='ltr'>momentum</span> <span class='ocrx_word' id='word_1_271' title='bbox 325 1927 535 1965; x_wconf 89' lang='lat' dir='ltr'>incredibile</span> <span class='ocrx_word' id='word_1_272' title='bbox 569 1927 637 1970; x_wconf 85' lang='lat' dir='ltr'>est,</span> <span class='ocrx_word' id='word_1_273' title='bbox 677 1925 747 1964; x_wconf 81' lang='lat' dir='ltr'>five</span> <span class='ocrx_word' id='word_1_274' title='bbox 788 1926 958 1975; x_wconf 88' lang='lat' dir='ltr'>pondus,</span> <span class='ocrx_word' id='word_1_275' title='bbox 996 1926 1098 1976; x_wconf 90' lang='lat' dir='ltr'>quod</span> <span class='ocrx_word' id='word_1_276' title='bbox 1139 1925 1318 1964; x_wconf 82' lang='lat' dir='ltr'>musculus</span> <span class='ocrx_word' id='word_1_277' title='bbox 1358 1925 1457 1964; x_wconf 90' lang='lat' dir='ltr'>alteri</span> <span class='ocrx_word' id='word_1_278' title='bbox 1496 1926 1558 1964; x_wconf 87' lang='lat' dir='ltr'>fini</span> <span class='ocrx_word' id='word_1_279' title='bbox 1583 1927 1648 1966; x_wconf 90' lang='lat' dir='ltr'>suo</span> 
     </span>
     <span class='ocr_line' id='line_1_30' title="bbox 63 1983 1649 2038; baseline -0.003 -10"><span class='ocrx_word' id='word_1_280' title='bbox 63 1989 259 2038; x_wconf 85' lang='lat' dir='ltr'>adpensum</span> <span class='ocrx_word' id='word_1_281' title='bbox 293 1987 433 2029; x_wconf 88' lang='lat' dir='ltr'>elevat,</span> <span class='ocrx_word' id='word_1_282' title='bbox 470 1985 617 2036; x_wconf 84' lang='lat' dir='ltr'>quando</span> <span class='ocrx_word' id='word_1_283' title='bbox 658 1986 890 2024; x_wconf 87' lang='lat' dir='ltr'>contrahitur.</span> <span class='ocrx_word' id='word_1_284' title='bbox 975 1983 1049 2023; x_wconf 87' lang='lat' dir='ltr'>Erit</span> <span class='ocrx_word' id='word_1_285' title='bbox 1073 1986 1110 2022; x_wconf 89' lang='lat' dir='ltr'>in</span> <span class='ocrx_word' id='word_1_286' title='bbox 1141 1986 1207 2023; x_wconf 70' lang='lat' dir='ltr'>luc</span> <span class='ocrx_word' id='word_1_287' title='bbox 1257 1985 1567 2035; x_wconf 84' lang='lat' dir='ltr'>contemplatione</span> <span class='ocrx_word' id='word_1_288' title='bbox 1596 1987 1649 2024; x_wconf 89' lang='lat' dir='ltr'>di-</span> 
     </span>
     <span class='ocr_line' id='line_1_31' title="bbox 63 2043 1649 2098; baseline -0.003 -10"><span class='ocrx_word' id='word_1_289' title='bbox 63 2048 218 2098; x_wconf 86' lang='lat' dir='ltr'>ligenter</span> <span class='ocrx_word' id='word_1_290' title='bbox 245 2046 482 2090; x_wconf 86' lang='lat' dir='ltr'>versandum,</span> <span class='ocrx_word' id='word_1_291' title='bbox 532 2044 577 2084; x_wconf 82' lang='lat' dir='ltr'>ad</span> <span class='ocrx_word' id='word_1_292' title='bbox 612 2057 720 2095; x_wconf 87' lang='lat' dir='ltr'>quam</span> <span class='ocrx_word' id='word_1_293' title='bbox 746 2047 818 2083; x_wconf 87' lang='lat' dir='ltr'>fere</span> <span class='ocrx_word' id='word_1_294' title='bbox 852 2051 973 2084; x_wconf 89' lang='lat' dir='ltr'>totum</span> <span class='ocrx_word' id='word_1_295' title='bbox 1011 2043 1254 2083; x_wconf 64' lang='lat' dir='ltr'>Borzetm‘</span> <span class='ocrx_word' id='word_1_296' title='bbox 1297 2044 1515 2084; x_wconf 80' lang='lat' dir='ltr'>celebratum</span> <span class='ocrx_word' id='word_1_297' title='bbox 1555 2058 1649 2096; x_wconf 87' lang='lat' dir='ltr'>opus</span> 
     </span>
    </p>
   </div>
   <div class='ocr_carea' id='block_1_6' title="bbox 65 2109 1647 2265">
    <p class='ocr_par' dir='ltr' id='par_1_9' title="bbox 65 2109 1647 2265">
     <span class='ocr_line' id='line_1_32' title="bbox 65 2109 203 2159; baseline -0.014 -12"><span class='ocrx_word' id='word_1_298' title='bbox 65 2109 203 2159; x_wconf 69' lang='lat' dir='ltr'>spestet.</span> 
     </span>
     <span class='ocr_line' id='line_1_33' title="bbox 878 2211 1647 2265; baseline -0.001 -12"><span class='ocrx_word' id='word_1_299' title='bbox 878 2212 905 2253; x_wconf 93' lang='lat' dir='ltr'>P</span> <span class='ocrx_word' id='word_1_300' title='bbox 937 2225 960 2265; x_wconf 88' lang='lat' dir='ltr'>p</span> <span class='ocrx_word' id='word_1_301' title='bbox 991 2224 1016 2263; x_wconf 90' lang='lat' dir='ltr'>p</span> <span class='ocrx_word' id='word_1_302' title='bbox 1079 2224 1101 2252; x_wconf 86' lang='lat'><em>2</em></span> <span class='ocrx_word' id='word_1_303' title='bbox 1525 2211 1647 2252; x_wconf 88' lang='lat' dir='ltr'>Primo</span> 
     </span>
    </p>
   </div>
   <div class='ocr_carea' id='block_1_7' title="bbox 113 2350 834 2398">
    <p class='ocr_par' dir='ltr' id='par_1_10' title="bbox 113 2350 834 2398">
     <span class='ocr_line' id='line_1_34' title="bbox 113 2350 834 2398; baseline -0.007 -8"><span class='ocrx_word' id='word_1_304' title='bbox 113 2355 173 2398; x_wconf 87' lang='lat' dir='ltr'>(o)</span> <span class='ocrx_word' id='word_1_305' title='bbox 200 2357 370 2390; x_wconf 60' lang='lat' dir='ltr'>numne</span> <span class='ocrx_word' id='word_1_306' title='bbox 390 2359 513 2394; x_wconf 75' lang='lat' dir='ltr'>country</span> <span class='ocrx_word' id='word_1_307' title='bbox 541 2353 620 2393; x_wconf 61' lang='lat' dir='ltr'>ladys</span> <span class='ocrx_word' id='word_1_308' title='bbox 643 2350 738 2385; x_wconf 48' lang='lat' dir='ltr'>direct.</span> <span class='ocrx_word' id='word_1_309' title='bbox 764 2361 791 2392; x_wconf 84' lang='lat' dir='ltr'>p.</span> <span class='ocrx_word' id='word_1_310' title='bbox 806 2355 834 2385; x_wconf 81' lang='lat'>⁶.</span> 
     </span>
    </p>
   </div>
  </div>
 </body>
</html>
