1895 2650
538 145 876 186 SECTIII.
953 145 1252 186 CAUSAE.
1590 148 1665 185 531

93 247 248 286 corpore
274 239 346 276 vim
379 247 498 278 motus
525 243 781 288 generatricem
812 238 900 289 (q).
977 240 1126 279 Adeone
1158 242 1193 278 &
1228 233 1595 283 effervescentia(z·)‚
1634 233 1669 269 &

95 297 249 345 putredo
269 323 278 339 ‚
315 298 349 334 ὃς
381 299 607 336 fermentatio
626 328 635 342 ,
666 302 701 337 ὃς
729 303 917 347 gravitatio
935 328 944 342 ‚
983 302 1019 336 &
1041 301 1172 342 elater,
1207 300 1241 335 &
1269 300 1319 334 vis
1337 295 1550 333 contraClilis
1575 303 1671 329 nior—

94 363 177 397 tua,
206 363 309 393 erunt
335 359 460 394 animae
490 359 639 406 alicujus
672 359 838 408 opificia,
874 370 954 408 quae
983 360 1018 394 in
1049 359 1165 407 lapide
1198 357 1319 397 cadat,
1355 355 1512 392 mustum
1540 354 1574 389 in
1595 350 1672 388 buln

94 414 142 450 las
164 422 266 462 agat,
309 417 462 463 explicet
484 417 667 466 horologii
700 420 899 455 involutam
931 417 1119 460 laminam,
1157 427 1327 464 vaporem
1361 414 1403 451 de
1436 412 1582 462 pulvere
1609 422 1673 458 py-

94 474 150 508 rio
177 484 424 522 erumpentem
449 476 576 513 doceat
602 485 713 514 turres
744 475 928 513 evertere?
973 475 1015 513 Et
1043 475 1080 512 in
1107 475 1237 523 plantis
1272 475 1438 514 demum,
1492 483 1566 508 non
1595 469 1673 506 sunt

97 532 132 567 &
162 542 282 569 motus
323 532 533 581 liquorum,
585 536 621 571 Sc
649 535 860 573 secretiones
880 563 888 577 ‚
937 535 973 571 &
1014 535 1228 576 maturatio,
1278 533 1313 570 &
1344 531 1567 579 regeneratio
1597 539 1676 577 par-

95 591 212 633 tium,
238 592 273 627 &
309 591 398 629 fetus
428 593 645 644 produdii03
680 603 832 632 eruntne
858 595 963 631 etiam
995 594 1032 630 in
1064 592 1210 641 singulis
1239 591 1361 639 fungis
1410 589 1476 627 sua:
1517 586 1672 625 animie'?

96 648 133 685 ἃ
165 648 188 685 fi
218 661 292 687 non
326 650 432 694 sunt,
474 664 538 690 cur
567 652 658 690 adeo
682 652 785 701 pigra
810 653 852 690 ad
887 659 1028 689 motum
1052 653 1118 689 erit
1145 650 1304 688 animalis
1349 649 1456 690 fibra,
1497 659 1580 684 cum
1618 657 1676 681 ve-

96 708 259 755 getabilis
291 708 347 746 illa
385 710 474 747 adeo
502 711 667 762 expedita
696 711 764 749 fit?
809 712 904 750 Cum
937 717 1057 748 tamen
1085 712 1122 748 in
1152 709 1295 747 animali
1326 707 1412 744 fibra
1445 719 1507 755 per
1538 705 1677 753 experi-

97 774 218 804 menta
263 768 533 806 irritabilitatem
569 782 826 814 communem,
859 770 1116 823 frustantem,
1162 768 1361 806 fervidam:
1398 768 1434 802 in
1459 765 1587 814 plantis
1617 761 1679 799 ali-

97 837 231 875 quam,
265 829 453 870 rariorem,
493 829 757 879 lentioremque
780 829 1004 868 observando
1038 829 1285 878 percipiamus
1370 825 1438 863 Sed
1466 825 1515 862 est
1536 825 1570 860 in
1592 821 1680 858 fibra

93 884 288 922 musculari
318 886 362 924 de
388 899 542 935 corpore
579 889 736 931 revulsa,
774 890 905 930 incisa,
936 889 979 925 ab
1010 889 1121 925 omni
1155 888 1272 925 anima
1304 885 1339 921 Sc
1368 897 1386 920 a
1410 885 1593 921 voluntate
1617 880 1682 918 dis-

98 942 299 991 septa(5)‚
354 948 482 994 pariter
506 947 550 983 ad
582 949 818 985 irritationem
843 947 1052 996 obsequiosa
1090 948 1141 984 vis
1172 943 1386 983 contraCrilis
1405 971 1414 986 ,
1456 943 1573 991 adque
1603 951 1682 977 moe

98 1008 178 1040 tum
213 1001 304 1039 adeo
333 1005 581 1051 generandum
609 1017 709 1054 aeque
742 1007 856 1044 valida
890 1007 1011 1042 virtus.

159 1060 328 1110 Denique
358 1062 411 1100 Cl.
449 1065 566 1101 virum
595 1065 667 1112 (t)
700 1063 834 1108 miror,
868 1069 1126 1112 argumentum
1151 1074 1169 1100 a
1202 1063 1237 1099 vi
1273 1060 1507 1109 multiplicata
1542 1057 1685 1096 effeetus

101 1118 309 1158 irritationis
343 1133 482 1159 nerveae
513 1126 667 1171 repetito
702 1125 848 1166 iterare,
895 1123 1086 1172 postquam
1118 1134 1136 1158 a
1168 1133 1226 1158 me
1254 1120 1392 1157 dudum
1414 1147 1423 1160 ,
1465 1118 1586 1167 saepius
1610 1145 1619 1159 ,
1651 1117 1688 1152 &

101 1180 146 1216 ab
174 1190 217 1216 eo
251 1178 326 1228 ipso
352 1180 405 1218 Cl.
441 1182 520 1219 viro
556 1182 606 1218 est
641 1180 873 1231 responsum,
912 1178 1021 1231 quem
1074 1191 1198 1218 coram
1228 1178 1372 1221 oculis,
1419 1177 1506 1215 dum
1542 1176 1685 1216 scribit,

102 1237 254 1275 habebat
274 1238 378 1286 (x).
416 1238 479 1277 Vis
496 1242 652 1278 excitans
666 1243 703 1279 in
715 1240 950 1279 convulsione
962 1241 1005 1277 ab
1018 1240 1216 1276 irritatione
1242 1249 1374 1275 nervea
1390 1236 1575 1278 nascente,
1603 1234 1689 1271 levis

104 1297 154 1334 est
172 1297 331 1340 acicula,
358 1308 558 1347 granorum
572 1296 764 1343 duorum,
801 1307 900 1337 mota
929 1299 1116 1337 velocitate
1135 1326 1144 1340 ‚
1181 1309 1251 1346 qua
1281 1302 1462 1346 percurrat
1483 1296 1520 1332 in
1533 1292 1690 1332 secundo

105 1357 250 1394 minuto
273 1368 454 1406 orgyam:
503 1358 662 1408 sequitur
703 1358 912 1401 convulsio,
950 1370 1019 1407 qua
1049 1357 1217 1408 pondera
1259 1355 1485 1393 millenarum
1520 1353 1694 1390 librarum

104 1415 318 1459 elevantur,
359 1416 583 1464 franguntur,
614 1418 827 1456 ferramenta
855 1417 1044 1455 fleountur
1064 1446 1074 1460 ,
1106 1418 1382 1464 abrumpuntur‚
1448 1412 1542 1454 Erit,
1574 1411 1694 1460 inquit

106 1475 161 1511 vir
190 1471 244 1511 Cl.
274 1475 417 1513 effeetus
443 1475 500 1514 sua
529 1477 628 1515 causa
661 1478 787 1525 major.
838 1477 926 1515 Non
953 1478 1028 1514 erit.
1075 1475 1186 1515 Causa
1217 1474 1266 1511 est
1301 1475 1351 1511 vis
1373 1471 1588 1510 contra&ilis
1613 1481 1694 1506 mu-

107 1532 290 1571 sculorum
327 1533 499 1573 machinae
532 1536 717 1579 humanae,
773 1549 834 1585 par
869 1537 1040 1574 omnibus
1086 1535 1157 1572 istis
1192 1532 1418 1571 sublevandis
1455 1529 1689 1582 ponderibus⁵

109 1591 227 1637 Quod
262 1605 300 1630 ea
324 1594 374 1630 vis
405 1605 423 1630 a
454 1595 595 1632 tantillo
635 1607 791 1643 corpore
825 1597 1028 1636 excitetur,
1069 1606 1139 1642 ego
1174 1605 1249 1630 non
1294 1593 1430 1636 mitor3
1464 1589 1553 1626 nihil
1595 1589 1694 1625 enim

110 1650 156 1687 de
175 1652 306 1689 viribus
327 1653 495 1690 novimus
518 1682 527 1696 ,
563 1665 671 1703 quam
685 1665 763 1701 quae
784 1666 848 1702 per
867 1655 1112 1702 experimenta
1144 1651 1344 1689 didicimus.
1384 1648 1620 1688 Ostendimus
1639 1645 1694 1684 Cl.

110 1710 210 1752 viro,
246 1710 383 1748 fulmen
404 1713 559 1759 pyrium.
639 1711 829 1750 Delabitur
856 1712 901 1748 de
934 1711 1035 1758 pedis
1058 1711 1246 1748 altitudine
1271 1708 1355 1745 filex
1381 1706 1559 1745 drachmae
1577 1707 1694 1746 unius,

904 1768 947 1807 X
978 1780 1002 1806 x
1034 1779 1060 1805 x
1123 1778 1145 1806 2
1661 1763 1700 1800 in

154 1882 217 1923 (q)
249 1883 376 1915 Materiae
395 1885 490 1921 potius
513 1885 610 1914 innata
632 1884 671 1914 est
696 1884 738 1914 vis
771 1885 876 1914 motrix
905 1883 1045 1913 ΒΑΗ-ιε
1071 1884 1190 1920 princip.
1231 1893 1260 1921 p.
1276 1886 1325 1919 87.

156 1924 223 1959 (r)
264 1925 365 1956 Multae
391 1926 452 1956 aliae
476 1925 548 1956 vires
571 1935 629 1955 non
651 1926 780 1964 pendent
803 1925 839 1956 ab
865 1925 961 1956 anima
995 1935 1023 1956 v.
1047 1924 1165 1955 Gsuns
1196 1933 1220 1962 p.
1240 1933 1288 1960 41.
1348 1921 1468 1952 Enarrat
1493 1931 1540 1955 eas
1575 1922 1699 1953 KRArx·

114 1964 211 2004 plqffirt.
232 1976 320 2001 gener.
346 1977 371 2004 p.
390 1977 435 2002 50.

157 2008 219 2041 (s)
249 2017 274 2044 p.
294 2015 365 2045 458·
380 2015 448 2046 459·
475 2048 481 2054 .
695 2048 700 2054 .
1341 2045 1346 2052 Ι
1510 2043 1517 2050 ·
1641 2044 1646 2050 ”

117 2048 234 2125 Γωξρτῐίζ.
258 2048 445 2078 ΞΑυνΛῦεε
474 2058 503 2077 ιη
536 2057 643 2087 nupera
673 2047 742 2087 disp.
771 2049 806 2078 de
836 2049 925 2078 anim.
953 2049 1050 2085 imper.
1078 2048 1110 2076 in
1131 2056 1187 2083 σονς
1248 2045 1276 2076 δι
1308 2044 1380 2076 olim
1408 2044 1478 2083 saepe
1508 2054 1539 2074 m
1569 2043 1702 2075 omnibu:

159 2129 230 2165 (u)
261 2129 284 2165 J.
313 2131 370 2159 Pet.
392 2129 582 2160 EBERHARD
604 2131 637 2159 de
660 2136 739 2159 motu
757 2131 847 2159 cordis
872 2140 907 2159 ex
935 2128 1019 2159 auda
1041 2125 1172 2166 vafimcnz
1200 2125 1351 2167 rqs'fientia
1373 2125 1448 2156 Hali.
1484 2135 1571 2164 1757.
1607 2135 1634 2163 p.
1652 2128 1708 2163 19!

119 2175 167 2198 20.
188 2178 237 2200 21.
267 2170 331 2199 add.
366 2170 394 2200 F.
420 2170 599 2200 Fonmm
628 2180 655 2208 p.
674 2180 740 2207 239.
769 2172 797 2201 ἃ
818 2181 844 2200 v.
865 2170 983 2200 GnuNs
1012 2180 1038 2208 p.
1057 2179 1101 2206 39.

162 2209 230 2246 (x)
270 2210 507 2243 legeranno,
544 2213 571 2241 δε
602 2221 648 2241 me
674 2211 743 2241 olim
768 2211 797 2241 in
827 2211 990 2242 recensione
1016 2208 1216 2241 commentarii
1247 2208 1290 2239 Cl.
1313 2205 1457 2246 francisci
1479 2206 1652 2236 Borssrarz'·
1672 2206 1703 2235 in

120 2247 253 2286 Stephani
274 2250 389 2281 Hamas
408 2252 588 2290 haenufiatikr
602 2274 610 2287 ,
639 2262 701 2290 quae
723 2262 782 2282 non
805 2253 841 2282 ad
860 2262 996 2291 nuperam
1020 2251 1175 2282 editionem
1199 2251 1324 2280 italicam
1347 2249 1407 2285 ejus
1432 2248 1525 2286 operis
1539 2270 1547 2283 ‚
1589 2253 1620 2276 ut
1645 2255 1704 2276 non

122 2291 271 2326 oportebat
284 2293 312 2321 in
326 2295 429 2329 Journ.
452 2294 485 2321 de
506 2294 620 2324 Meda.
655 2293 680 2322 T
717 2292 766 2322 Ill,
804 2291 832 2322 P.
858 2304 884 2323 z.
921 2293 1001 2328 dici,
1037 2292 1084 2322 sed
1119 2292 1153 2322 ad
1191 2289 1316 2329 priorem
1340 2291 1407 2320 anni
1425 2299 1508 2325 1744.
1548 2287 1705 2317 editionem

122 2328 195 2360 facia
215 2332 272 2363 est,
310 2334 338 2362 in
361 2333 450 2363 diario
471 2335 543 2365 Bibl.
566 2331 688 2373 raisbnn.
721 2333 757 2364 T.
775 2344 818 2372 34.
847 2344 874 2372 p.
907 2335 975 2366 116.
1020 2334 1090 2365 Eam
1121 2334 1162 2365 vir
1187 2331 1232 2363 Cl.
1251 2354 1260 2369 ,
1285 2331 1334 2362 libi
1357 2336 1435 2362 certe
1460 2328 1633 2369 probatam,
1657 2327 1708 2357 tri·

124 2370 186 2401 burt
211 2371 252 2404 el.
270 2373 382 2405 medico
393 2374 573 2408 Missum.
619 2375 675 2406 Sed
694 2383 757 2405 mea
786 2375 833 2406 est.
