1957 2630
331 105 360 144 S
390 104 423 143 E
456 103 485 141 C
519 100 560 140 T.
599 100 644 140 V.
706 98 990 139 ARTERIAE
1021 94 1391 143 ENCEPHALT.
1567 115 1643 149 139

83 200 266 249 tres(k)‚
315 200 397 238 alias
425 207 580 249 quatuor
601 197 695 245 (l),
750 197 785 234 &
809 196 970 244 quinque
996 192 1113 242 (m),
1164 199 1199 235 &
1226 199 1284 236 sex
1316 199 1424 248 (n),
1491 199 1527 235 ὃς
1569 199 1648 247 plu-

91 275 144 299 res
171 264 244 308 (υ)
266 260 354 298 sunt.
403 260 506 296 Sicin
525 257 655 294 lumbis
668 267 931 303 nonnunquam
951 258 1053 292 unica
1077 257 1156 304 (p)
1173 286 1181 300 ,
1217 260 1252 295 in
1266 259 1362 296 sacro
1378 256 1449 295 offe
1463 256 1643 306 duae(q>.

87 322 169 360 alias
192 328 246 358 tot
272 319 351 358 sunt
379 324 471 367 quot
504 317 684 353 vertebrae.

138 379 239 417 Alter
259 406 268 421 ‚
315 379 423 415 trium
447 377 646 417 minimus,
692 386 810 411 ramus
834 372 1004 420 ganglion
1031 374 1131 410 nervi
1173 376 1372 424 cujusque,
1418 376 1454 412 ὃς
1485 386 1568 413 cum
1603 387 1649 411 eo

88 441 213 476 duram
237 435 474 474 membranam
494 433 638 472 dorsalis
665 433 848 475 medullae,
879 440 986 481 atque
1009 433 1301 481 circumpositum
1332 435 1472 483 adipem
1502 434 1647 474 adeuns‚

80 497 208 534 ssmiles
251 496 358 533 habet
387 496 554 542 origines.
628 492 668 531 In
699 492 798 529 collo
836 492 1003 540 proprius
1037 491 1124 528 solet
1155 492 1313 530 surculus
1338 496 1411 541 (r)
1464 491 1559 535 esse,
1614 494 1651 529 in

80 555 186 594 dorso
208 554 304 604 (s),
340 555 545 603 lumbisque
571 564 588 589 a
618 551 790 589 trunculo
825 550 937 593 nasci,
978 561 1085 598 quem
1114 552 1234 599 primo
1264 552 1349 590 loco
1390 552 1548 589 diximus
1569 580 1578 594 ,
1618 552 1652 587 Sc

80 617 142 665 qui
169 615 317 664 propius
347 614 390 651 ad
421 612 616 650 medullam
645 610 813 659 spinalem
839 611 1003 658 pertinet.

137 673 282 711 Tertius
313 672 498 710 trunculus
519 700 528 714 ,
567 671 628 719 qui
657 668 903 706 vertebrarum
929 669 1002 704 adit
1028 667 1248 715 pertusiam,
1288 671 1323 706 in
1358 668 1463 706 dorso
1488 669 1653 717 supremo

80 734 124 770 ab
153 734 277 770 arteria
309 731 522 768 intercostali
561 729 732 777 superiori
752 729 850 776 (t),
887 728 923 763 in
960 727 1104 775 reliquis
1122 728 1203 765 οᾶο
1242 729 1297 766 vel
1323 740 1456 765 novem
1488 728 1655 764 interval-

81 792 148 834 lis,
183 804 201 828 a
233 791 376 840 reliquis
414 788 697 826 intercostalibus
719 786 804 834 (u)
824 815 833 828 ,
873 798 1065 835 earumque
1091 793 1221 824 trunco
1246 789 1461 828 communi,
1498 795 1557 823 aut
1574 786 1657 823 dor-

83 850 140 888 sali
161 861 281 895 ramo3
315 852 349 886 in
390 849 521 885 lumbis
546 860 563 884 a
590 847 822 888 lumbaribus,
846 846 881 881 in
903 844 998 882 sacro
1029 843 1101 881 osse
1130 857 1147 882 a
1175 845 1277 883 sacris
1303 846 1464 883 nascitur.
1531 844 1658 893 Perpe-

83 918 188 951 tuus,
225 909 323 945 &in
352 920 494 958 quaque
527 907 687 942 vertebra
726 905 807 942 suus
837 905 906 946 est,
967 902 1031 940 nifi
1069 904 1169 952 quod
1202 905 1349 942 subinde
1378 904 1501 941 eadem
1533 905 1659 941 arteria

82 968 316 1006 intercostalis
346 968 419 1004 suas
445 965 626 1003 arteriolas
668 965 820 1001 duarum
851 963 1094 999 vertebrarum
1127 965 1310 1011 periosteis
1337 964 1535 1000 committit
1561 962 1656 1009 (x).

81 1026 234 1076 Proprio
261 1027 341 1063 alias
372 1025 563 1066 trum-ulo,
614 1024 695 1060 alias
734 1033 817 1060 cum
856 1021 1042 1058 medullari
1060 1023 1278 1069 conjunsto,
1339 1025 1375 1060 in
1405 1022 1512 1059 dorso
1552 1021 1660 1058 nasci-

81 1093 138 1123 tur
168 1087 261 1132 (y):
311 1093 387 1123 tum
423 1086 460 1121 iu
492 1083 623 1121 lumbis
648 1083 751 1126 (z),
807 1081 842 1118 &
883 1082 920 1117 in
954 1080 1052 1118 sacto
1087 1080 1160 1118 offe
1189 1081 1291 1131 (a).
1370 1081 1445 1120 Ima
1485 1093 1502 1118 a
1532 1092 1662 1128 coccy-

84 1157 149 1194 gea
180 1144 328 1193 est(b).
393 1143 434 1180 In
465 1143 562 1180 collo
589 1141 662 1179 fere
692 1153 711 1178 a
738 1139 920 1178 vertebrali
959 1140 1016 1176 est.

246 1256 279 1297 ἓ.
312 1251 413 1291 ΧΧ.
479 1251 665 1299 Sanguinis
681 1278 691 1293 ‚
726 1250 785 1298 qm·
817 1246 994 1286 cerebrum
1025 1249 1122 1291 adit,
1157 1249 1284 1286 indoles
1317 1247 1363 1291 ἐξ
1393 1250 1499 1297 copia.

145 1361 186 1400 In
219 1360 480 1411 physiologicis
512 1360 603 1398 solet
630 1358 777 1407 infignis
823 1358 1005 1406 sanguinis
1040 1358 1147 1406 copia
1190 1357 1282 1406 saepe
1313 1358 1410 1394 citari
1430 1384 1441 1399 ,
1492 1368 1571 1405 quae
1607 1367 1664 1393 cc-

87 1423 234 1460 rebrum
263 1420 346 1458 adit.
422 1418 507 1457 Eam
549 1419 593 1455 ad
642 1420 782 1455 tertiam
806 1417 888 1464 (c)
929 1422 1066 1464 partem
1108 1416 1218 1454 totius
1251 1415 1364 1453 maffae
1394 1415 1592 1463 sanguineae
1621 1415 1666 1451 de

89 1480 200 1519 corde
232 1478 385 1527 expulsae
413 1478 598 1515 aestimavit
643 1476 717 1514 Cel.
761 1475 839 1512 ΜΛ
857 1488 876 1512 L
894 1487 979 1511 PlG
996 1487 1140 1517 HIUS,
1190 1476 1248 1512 cui
1277 1477 1323 1511 ita
1358 1475 1521 1512 subvenit
1539 1474 1668 1510 Pnffi

89 1550 237 1576 cepron
255 1537 363 1585 (d),
399 1546 439 1575 ut
471 1542 642 1579 moneat,
679 1535 862 1591 aliquanto
892 1534 972 1583 plus
991 1534 1168 1581 sanguinis
1192 1534 1234 1571 ad
1253 1541 1359 1583 caput
1378 1534 1519 1575 venire,
1560 1544 1666 1580 quam

920 1593 942 1630 S
1011 1603 1032 1629 2
1486 1593 1669 1629 continuo

129 1866 189 1903 (ο)
218 1866 290 1895 Ibid.
322 1864 358 1894 ad
376 1862 520 1894 undecim.

131 1907 191 1943 (p)
218 1904 296 1936 Ibid.

130 1948 144 1983 (
157 1948 197 1985 q)
222 1946 295 1976 Ibid

131 1987 198 2024 (r)
221 1986 323 2017 Fascic.
338 1985 400 2016 VII.
422 1994 454 2024 p.
468 1991 512 2021 13.

160 2241 178 2261 2

154 2283 197 2349 ἶ)
229 2310 304 2342 Ibid,

155 2353 195 2390 c)
227 2351 255 2382 Si
275 2360 334 2381 non
367 2350 495 2389 dimidia,
518 2348 616 2381 saltem
647 2347 730 2381 tertia
749 2349 784 2383 de
809 2347 916 2382 cerebro
938 2356 966 2389 p
985 2349 1013 2380 6.

156 2394 205 2434 d)
230 2392 348 2427 Pralec‘l,
374 2393 408 2426 T.
423 2392 462 2426 11.
493 2391 530 2425 ad
559 2401 588 2425 n.
602 2397 673 2430 239.
