1967 2682
570 116 1316 170 PRAEFATto.
1658 131 1729 170 111

199 222 391 265 Facillima
415 221 486 265 erit
513 222 633 278 prima
657 220 792 276 ingrati
826 219 967 261 laboris
999 220 1196 275 particula.
1259 217 1367 262 Ante
1416 234 1556 265 annum
1602 239 1725 277 1754.

141 299 204 326 me
233 284 443 338 quidquam
464 312 475 330 ,
523 283 638 323 etiarn
672 281 878 321 verbulum
901 310 912 328 ,
957 278 1173 334 protulisse,
1225 280 1334 334 quod
1362 283 1529 334 potuerit
1557 281 1668 326 ΑΕΒ
1682 295 1722 325 1-

142 354 217 384 NO
251 344 436 397 ingratum
463 338 593 381 sonare
610 371 620 387 ,
653 341 814 380 omnino
839 351 942 378 tutus
968 352 1070 393 nego
1090 370 1098 384 ‚
1122 336 1334 394 nequcipse
1348 341 1428 389 vir,
1460 343 1526 396 qui
1556 340 1588 382 se
1608 341 1725 397 ipsum

140 402 253 444 nimis
272 415 396 442 acrem
420 399 555 442 fatetur
585 397 657 441 effe
683 398 720 438 in
743 394 992 453 suspicando(
1013 407 1079 448 3),
1120 398 1331 453 quidquam
1356 398 1472 441 {imile
1497 401 1587 441 mihi
1616 403 1726 452 obje-

142 463 206 502 cit.
265 458 416 502 Contra
446 459 591 500 exstant
611 471 723 506 mea,
750 454 950 497 numerosa
986 457 1096 496 nimis
1130 455 1291 511 scripta,
1338 459 1373 498 in
1418 461 1558 514 quibus
1603 464 1726 502 conti-

141 534 222 561 nuo
253 520 346 559 mihi
380 516 696 560 Commentarius
732 517 770 556 in
812 514 1199 557 BOERHAAVII
1253 519 1292 555 de
1313 518 1429 565 studio
1460 523 1554 568 (4)
1599 524 1726 561 medico

133 582 364 631 praeleffbiones
395 578 565 619 recurrit.
621 574 848 628 Quomodo
880 575 932 615 ibi
962 573 1011 615 de
1045 571 1279 617 ALBINO
1314 573 1485 617 senserim
1505 609 1514 626 ,
1553 592 1725 635 numque

138 639 256 679 verba
289 636 424 692 poffint
461 636 623 678 inveniri
654 636 828 691 pleniora
861 647 959 675 verce
992 635 1279 683 venerationis,
1337 650 1413 691 ego
1454 637 1633 679 lectorem
1667 641 1726 691 ju-

139 697 266 738 dicare
302 697 445 737 malim.

199 803 349 846 Verum
378 806 415 844 &
445 804 544 857 prius
575 816 655 844 non
688 800 835 843 filentio
869 798 979 849 solo,
1018 798 1081 843 sed
1111 801 1242 844 amicis
1287 804 1381 844 meis
1412 800 1506 859 stcpe
1542 805 1727 857 testibus‚'

138 865 319 907 omnibus
351 862 477 903 modis
507 862 643 903 famam
668 859 882 903 nascentem
912 857 1079 915 discipuli
1125 863 1182 902 vir
1218 857 1382 903 summus
1410 863 1612 917 depreffit,
1658 881 1727 907 ne-

137 938 215 980 que
245 923 324 963 sivit
354 936 524 976 unquam
566 920 745 961 voculam
773 921 839 961 fibi
866 920 994 968 elabi,
1034 933 1108 975 qua
1130 921 1211 972 ejus
1244 921 1411 976 aliquem
1444 923 1616 964 laborem
1637 939 1725 980 pro-

138 984 260 1024 baret.
306 979 467 1023 Deinde
501 994 603 1023 anno
624 995 743 1033 1754.
780 979 904 1020 edidit
936 980 991 1019 vir
1021 980 1072 1020 ill.
1094 983 1360 1020 adnotationum
1376 979 1418 1022 L.
1439 980 1465 1021 l.
1491 987 1536 1034 (ς
1564 986 1612 1033 ),
1645 995 1726 1039 quo

137 1043 302 1098 primum
333 1054 450 1094 opere
476 1041 604 1095 aliqua
630 1039 770 1091 judicia
803 1039 851 1079 de
882 1038 962 1079 aliis
992 1035 1135 1093 scriptis
1159 1039 1416 1080 continentur.
1462 1039 1502 1080 ln
1525 1056 1574 1082 eo
1600 1045 1726 1083 conti-

137 1115 217 1142 nuo
246 1098 410 1140 studium
439 1111 569 1140 toturn
610 1094 851 1148 vasorumC5
875 1100 891 1145 )
927 1097 1261 1152 depingendorum
1280 1128 1291 1146 ,
1328 1099 1366 1139 in
1401 1112 1482 1154 quo
1496 1100 1560 1140 diu
1583 1100 1725 1143 fueram

135 1157 328 1207 versatus3
353 1158 563 1212 deprimit,
598 1171 677 1198 non
703 1157 811 1198 alteri
831 1156 1043 1202 ¹nociturus
1063 1187 1073 1204 ‚
1125 1171 1239 1212 quarn
1274 1157 1380 1198 mihi.
1446 1158 1596 1214 Neque
1622 1163 1726 1202 enim

135 1218 247 1260 facile
269 1231 319 1259 eo
348 1230 526 1271 tempore
558 1217 743 1258 memoria
774 1215 932 1257 recurrit
958 1216 1112 1257 alterius
1143 1217 1333 1265 auctoris,
1361 1217 1429 1273 qui
1460 1215 1633 1261 vasorum
1668 1234 1727 1262 ta-

137 1277 245 1319 bulas
273 1276 440 1332 depictas
464 1275 626 1318 dederit.

196 1383 304 1426 Idem
331 1384 473 1426 eodem
502 1384 702 1426 volumine
733 1397 795 1425 me
828 1395 915 1424 curn
953 1383 1023 1424 illis
1061 1382 1183 1425 exosis
1219 1382 1621 1427 BOERHAAVIO
1666 1386 1726 1428 di-

142 1441 291 1500 scipulis
309 1449 325 1494 (
343 1446 405 1493 6)
440 1441 588 1491 censet,
628 1443 695 1499 qui
720 1443 847 1498 magni
874 1443 943 1482 viri
974 1445 1129 1482 lectiones
1147 1439 1214 1483 M.
1230 1441 1268 1483 S.
1302 1443 1513 1484 ediderant.
1574 1447 1655 1498 Quo
1686 1450 1726 1487 in

136 1517 304 1550 numero,
325 1502 449 1557 inquit
467 1500 578 1544 ALB
592 1512 646 1542 {N
662 1513 720 1544 US
738 1506 820 1553 (7)
838 1531 848 1548 ,
879 1516 951 1550 quae
976 1503 1020 1540 ab
1054 1503 1269 1541 auditoribus
1287 1503 1359 1553 sm's
1382 1506 1615 1551 prodierant,
1662 1507 1726 1545 lm-

139 1564 215 1602 heri
230 1564 383 1601 voluerit
420 1558 489 1612 [B
506 1570 789 1603 OERHAAV
810 1561 934 1611 IUS]
981 1562 1136 1599 declarat
1172 1564 1208 1599 in
1237 1561 1442 1611 prafittione
1468 1563 1543 1612 suae
1577 1565 1722 1605 chemiae'.

136 1618 186 1662 Et
204 1634 252 1662 ne
267 1633 346 1660 non
360 1615 543 1659 sufficeret
559 1619 634 1660 hoc
654 1617 926 1660 acerbissimum
943 1618 1125 1670 judicium
1143 1624 1158 1669 (
1174 1634 1197 1671 7
1213 1621 1231 1667 )
1258 1648 1268 1667 2
1292 1620 1407 1674 paulo
1435 1621 1517 1674 post
1535 1633 1654 1662 totam
1671 1624 1722 1664 le-

135 1693 224 1734 gem
255 1690 410 1734 petente
437 1676 841 1720 BOERHAAVIO
872 1677 986 1718 latam
1012 1679 1158 1718 recudit
1182 1680 1231 1730 (8
1249 1684 1280 1729 ).
1326 1676 1446 1720 Nunc
1468 1708 1477 1726 ‚
1510 1694 1593 1734 qnae
1628 1679 1721 1722 Bo-

136 1747 474 1779 ERHAAVIUS
500 1750 588 1778 cum
622 1736 760 1778 dolore
783 1734 941 1776 videbat
974 1735 1043 1776 fibi
1077 1737 1216 1785 tribui,
1258 1750 1364 1778 erant
1391 1737 1620 1791 potissimum
1649 1743 1724 1781 Eless

134 1805 252 1836 menta
276 1799 425 1835 chemica
438 1793 579 1850 spuria,
615 1806 696 1836 erat
720 1792 923 1835 miserrima
956 1795 1164 1835 leitionum
1194 1797 1583 1839 botanicarum'cditio.
1642 1792 1724 1841 His

135 1869 197 1895 me
216 1854 438 1895 adnumerat
471 1853 693 1895 hominibus
718 1852 758 1895 A
772 1863 900 1895 LBIN
913 1865 942 1896 U
956 1866 971 1894 5
990 1885 1002 1902 ,
1035 1854 1344 1909 adstipulatorem
1361 1885 1372 1902 ,
1385 1853 1450 1895 nili
1471 1869 1531 1896 me
1558 1858 1723 1901 omnino

134 1927 225 1954 amo
254 1912 389 1961 nimis,
437 1913 659 1954 inventurus
682 1913 900 1960 neminem,
931 1922 972 1952 ut
1005 1911 1141 1953 vitiosa
1162 1926 1207 1953 ea
1219 1910 1291 1954 effe
1304 1912 1462 1966 polluit,
1487 1922 1581 1969 quoe‘
1599 1915 1719 1959 edidi.

136 1970 225 2026 Qi
259 1983 390 2013 tamen
421 1972 535 2013 toties
550 2001 563 2022 ,
603 1971 668 2012 ubi
697 1970 791 2028 quid
832 1969 1034 2013 manifesto
1065 1970 1189 2013 vitiosi
1233 1968 1410 2021 suberat,
1457 1972 1496 2014 in
1533 1988 1597 2015 me
1641 1976 1719 2015 cul·-

955 2041 976 2069 a
1042 2047 1062 2072 z
1634 2037 1721 2086 parti

179 2187 244 2225 (3)
275 2196 303 2225 p.
320 2186 368 2216 66.

176 2228 248 2264 (4)
276 2237 303 2266 p-
326 2227 393 2262 298·
410 2229 476 2266 54⁶·
499 2227 554 2258 &0-

177 2270 246 2304 (5)
267 2278 291 2306 p·
309 2273 334 2301 8.
351 2278 378 2305 9·

177 2309 220 2344 (6
234 2310 246 2342 )
269 2319 295 2346 p.
311 2309 359 2344 46.

176 2351 216 2385 (7
236 2351 248 2385 )
279 2349 398 2379 Minime
414 2349 443 2378 in
457 2347 488 2380 L.
502 2347 534 2377 V.
551 2346 702 2380 mollitum.

176 2391 252 2428 (ε)
279 2389 311 2420 L·
333 2389 383 2422 111-
412 2399 429 2429 r>
455 2395 503 2428 83-
520 2388 594 2428 seqq·
