1864 2660
177 129 258 166 572
465 115 586 155 LIB.
637 117 721 155 XI.
784 112 1027 156 MOTUS
1069 107 1418 151 ANIMALIS.

173 213 226 252 Eo
264 210 378 248 modo
404 209 465 259 ipsi
496 211 657 248 tendines
680 209 800 259 passm]
828 210 939 250 sulcos
971 207 1100 245 ossibus
1137 205 1365 253 inprimunt,
1411 201 1522 250 inque
1555 199 1629 249 ipso
1658 201 1748 238 tarso

174 273 209 310 &
233 283 340 319 carpo
370 268 613 319 potissimum,
650 270 824 317 radioque
856 267 994 304 infimo.

232 329 375 366 Tertius
426 327 582 368 modus,
647 339 721 376 quo
753 326 824 363 ossa
851 326 1005 373 figurant
1037 321 1212 362 musculi,
1259 319 1307 356 est
1350 319 1392 355 ab
1433 316 1581 354 eduffls·
1613 316 1752 354 laminis

174 388 412 426 exterioribus
433 413 443 428 ,
473 398 558 434 quas
590 386 646 422 sua
676 386 846 422 merione
882 390 1052 432 perpetua
1082 381 1124 417 ab
1151 380 1321 419 internis,
1369 375 1576 413 musculosae
1617 376 1753 411 violen-

174 449 231 485 tiae
275 443 449 482 inaccessis
492 444 654 486 laminis,
697 445 899 484 abducunt,
959 443 995 478 &
1043 441 1079 476 in
1119 435 1316 486 processum
1361 442 1500 481 cogunt
1528 434 1633 469 exire.
1702 434 1756 470 lta

174 502 353 554 processus
383 504 532 540 nascitur
558 502 798 540 mammillaris
816 529 825 544 ‚
855 502 902 538 ita
927 500 1051 549 asperae
1075 498 1175 534 lineae
1208 494 1366 536 femoris,
1406 495 1511 533 tibiae,
1539 492 1574 527 ἃ
1596 491 1754 540 reliquo-

172 576 257 602 rum
283 561 411 600 offium
451 562 663 608 longorum.

234 621 320 659 Huc
349 621 453 658 etiam
484 622 638 668 pertinet
671 618 796 656 ostium
832 617 1057 656 incurvatio,
1113 624 1190 662 quse
1223 611 1312 647 tedia
1350 619 1432 646 cum
1464 606 1598 649 essent,
1634 608 1754 655 potio-

175 693 230 717 res
268 679 415 716 musculi
442 686 612 727 perpetua
636 677 807 714 traffi‘tione
832 678 869 712 in
899 675 973 713 suas
1000 679 1113 721 partes
1136 670 1307 714 trahunt3
1345 679 1494 704 curvum
1514 666 1603 701 adeo
1636 665 1752 702 femur

180 740 252 780 est,
298 738 385 775 duni
425 737 523 785 supra
552 737 586 773 &
622 736 711 772 infra
749 734 910 771 medium
959 735 1048 768 vires
1081 730 1258 766 trahentes
1296 727 1455 778 potiores
1490 724 1749 765 admoventur,

183 796 451 844 retrorsumque
481 807 521 832 os
542 795 622 831 alias
651 792 898 831 vasidiffimum
927 792 1128 831 reducunt,
1166 788 1200 824 δι
1239 797 1316 834 pars
1358 784 1472 821 media
1511 793 1586 819 non
1616 788 1749 819 mutata

188 855 353 902 superest.
410 854 458 891 lta
490 853 620 896 fibula,
663 853 699 889 &
733 853 768 887 in
799 847 982 888 nonnullis
1031 847 1259 885 cadaveribus
1295 843 1367 880 fere
1403 854 1439 878 in
1475 840 1571 889 spirae
1601 837 1755 877 formar'n

190 921 451 961 contorquetur
500 911 592 959 (h).
664 909 836 947 Morbose
875 920 961 946 vero
1010 910 1097 956 saepe
1147 910 1332 951 curvatur,
1384 912 1401 936 a
1433 899 1496 936 suu
1536 898 1753 940 sedentum,

179 973 309 1009 iisdem
342 969 507 1008 musculis
538 976 714 1018 perpetuo
746 969 933 1015 agentibus
957 965 1086 1016 (Μ),
1117 964 1153 1000 &
1175 958 1440 999 aconvulfione
1472 957 1584 1004 (last
1599 956 1625 1002 ).
1679 955 1755 993 Cte-

178 1039 296 1069 terum
334 1035 428 1066 tanta
452 1028 501 1065 est
526 1026 702 1064 necessitas
732 1035 852 1064 motus
882 1024 1084 1063 muscularis
1104 1049 1113 1064 ,
1158 1028 1196 1057 ut
1224 1021 1259 1055 in
1285 1019 1415 1054 femina
1434 1043 1444 1058 ,
1482 1016 1539 1052 cui
1570 1026 1646 1062 pars
1675 1025 1755 1051 cru-

179 1091 227 1126 ris
257 1087 435 1125 contrasta
476 1094 619 1124 motum
648 1083 831 1125 amiserat,
884 1082 1068 1120 brachium
1104 1091 1189 1115 vero
1212 1076 1357 1114 suorum
1386 1072 1630 1111 musculorum
1651 1071 1754 1109 usum

181 1147 475 1186 conservaverat,
503 1146 540 1181 in
570 1155 672 1181 crure
694 1142 841 1192 quidem
860 1140 1009 1179 musculi
1039 1136 1200 1178 confusi,
1245 1133 1315 1171 offa
1343 1133 1486 1173 tenuia,
1520 1131 1650 1179 brevia,
1681 1130 1756 1181 pel.

179 1205 325 1247 lucida,
357 1215 433 1241 non
459 1201 532 1239 fine
561 1202 708 1240 frai'tura
744 1201 862 1238 forent
889 1201 926 1237 in
967 1198 1130 1235 femore:
1174 1196 1210 1231 in
1240 1202 1337 1241 parte
1367 1190 1467 1227 sanos
1492 1188 1647 1225 habente
1677 1200 1756 1226 mu-

179 1265 321 1306 scuiofl
368 1260 439 1299 offa
465 1263 571 1298 etiam
593 1261 686 1298 rec'te
715 1260 746 1297 se
778 1256 1049 1304 haberent(b†
1074 1257 1104 1304 >.
1169 1252 1256 1290 Inde
1294 1249 1364 1288 ossa
1393 1248 1510 1286 dextri
1545 1246 1683 1284 brachii
1714 1245 1757 1283 fi-

177 1323 292 1362 nistris
319 1319 574 1371 ponderosiora
593 1319 612 1367 (
627 1318 647 1356 h
659 1320 694 1365 ’Π
709 1319 739 1366 ).

237 1381 328 1418 Non
359 1379 443 1416 ideo
469 1390 619 1416 omnem
641 1377 768 1415 offium
795 1376 1046 1425 figurationem
1068 1374 1103 1410 ὃς
1130 1369 1396 1407 indurationem
1420 1361 1588 1402 musculis
1609 1364 1752 1409 tribu03

179 1449 322 1477 memor
355 1437 516 1475 dentium
540 1465 549 1479 ,
592 1437 627 1473 ὅτ.
661 1436 891 1473 officulorum
923 1434 1088 1472 auditus,
1117 1441 1194 1478 quae
1207 1429 1338 1476 absque
1366 1423 1540 1474 pressione
1556 1422 1753 1461 musculosa

182 1500 220 1535 in
254 1495 457 1537 durissima,
500 1496 534 1532 δν
567 1495 714 1542 figurata
745 1493 815 1531 offa
847 1495 990 1531 abeunt.
1067 1488 1160 1534 Quae
1189 1495 1308 1523 tamen
1343 1484 1523 1524 diximus,
1568 1493 1605 1518 ea
1625 1483 1754 1528 utique

179 1564 278 1594 certa
314 1554 421 1600 sunt3
454 1554 489 1590 &
513 1552 714 1602 paucissima
747 1552 826 1590 sunt
854 1551 981 1589 ossium
1019 1549 1130 1586 adulti
1153 1545 1310 1582 hominis
1338 1544 1381 1580 ab
1416 1539 1545 1579 offibus
1568 1540 1660 1577 fetus
1697 1539 1752 1577 di-

179 1614 371 1656 scrimina,
401 1623 560 1661 quorum
589 1613 770 1648 rationem
802 1612 841 1647 in
870 1608 1036 1646 musculis
1067 1617 1145 1642 non
1176 1603 1344 1639 invenias.

1513 1706 1521 1713 '
1551 1768 1564 1783 ff
1585 1724 1620 1766 s,
1653 1717 1749 1757 VII.

222 1906 266 1942 (b
281 1904 294 1941 )
323 1904 415 1934 Lineae
439 1903 542 1943 asperae
556 1903 584 1933 in
599 1903 687 1935 fibula
705 1901 794 1933 adulti
816 1898 942 1931 hominis
956 1903 1013 1929 tres
1032 1896 1095 1928 sunt
1106 1919 1114 1933 ‚
1135 1899 1273 1927 contortae
1289 1902 1399 1924 omnes.
1446 1890 1576 1920 Antenor
1590 1887 1683 1926 aspera
1697 1886 1751 1915 de-

178 1945 338 1978 scendendo
364 1944 397 1974 fit:
416 1945 541 1974 interior.

261 1985 379 2016 interior
395 1985 513 2022 superne
531 1984 614 2014 valde
627 1982 772 2020 inaequalis
786 1982 821 2011 ad
844 1982 900 2010 ima
918 1980 976 2010 fere
998 1977 1147 2008 evanescit.

261 2026 410 2061 Exneu‘or,
436 2035 496 2062 quae
515 2025 650 2062 paularim
673 2025 704 2054 fit
733 2023 873 2061 posterior.
1022 2044 1029 2049 .

261 2068 306 2095 Sic
329 2066 412 2103 plana
433 2066 484 2094 tria
510 2067 539 2094 in
566 2075 601 2095 eo
625 2064 681 2093 offe
713 2064 774 2094 sunt
800 2063 937 2095 interius,
970 2058 1046 2097 quod
1070 2057 1165 2087 eundo
1186 2053 1308 2086 anterius
1330 2052 1389 2083 fere
1402 2050 1451 2088 fit;
1485 2048 1627 2084 exterius,
1659 2044 1735 2084 quod

220 2109 336 2138 demum
366 2105 398 2134 fit
416 2106 568 2143 posterius3
591 2105 725 2143 posterius
738 2127 746 2139 ,
775 2101 850 2141 quod
865 2110 943 2131 nunc
955 2100 986 2130 fit
1011 2100 1139 2129 interius.

221 2147 312 2185 (ἐφ’)
360 2146 476 2175 LORRY
501 2147 547 2173 des
567 2147 681 2174 alimens
703 2144 739 2174 T,
760 2143 795 2173 11.
826 2153 851 2180 p.
868 2151 935 2179 227.

219 2187 312 2225 (11⁸⁴)
332 2185 462 2215 smum„
485 2183 575 2223 ‘’If-4-
685 2211 687 2213 .

219 2227 303 2265 (ὑῒ)
338 2226 585 2256 HEUERMANN.
608 2224 754 2262 Phyfiolog.
786 2222 821 2252 T.
838 2222 885 2253 lv.
912 2231 939 2259 p.
962 2228 1007 2259 37.

219 2267 325 2309 (ΜΤ)
352 2268 471 2297 ΑΜΛΤ.
491 2267 567 2296 Cent.
581 2265 628 2297 lv.
654 2275 712 2295 cur.
739 2274 802 2294 100.
