1895 2650
244 123 271 163 S
300 122 333 162 E
367 119 396 161 C
428 120 469 161 T.
507 122 538 160 I.
600 119 864 163 FABRICA
896 121 1077 163 MUSC.
1114 123 1179 163 IN
1211 122 1490 165 UNIVERS.
1575 138 1656 175 433

82 213 160 268 {ino
191 218 390 260 conferret,
442 230 516 255 non
543 219 607 254 erit
633 219 669 255 in
702 218 798 255 oculi
826 218 897 256 fere
932 219 1124 267 potestate,
1161 219 1205 257 de
1235 227 1384 269 utraque
1413 221 1580 259 sententia
1600 223 1661 260 de-

85 278 204 320 finire,
232 285 291 315 aut
306 277 487 318 decidere,
510 289 596 313 num
614 279 846 313 continuetur
862 285 1170 325 utraquenitura,
1205 291 1291 316 num
1313 282 1418 316 unice
1435 281 1654 319 cohaerescat.

142 335 284 372 Poterat
319 345 431 372 artem
467 335 545 382 plus
574 337 686 372 carnis
717 336 753 371 in
793 335 866 373 fetu
902 337 1039 377 videri,
1089 337 1189 384 quod
1226 339 1403 375 tendineae
1449 338 1569 382 fibi-ze,
1600 352 1660 377 na-

81 402 167 430 turae
200 393 374 431 cellulosae
403 405 441 430 ea
466 395 502 429 in
534 400 633 430 aetate
668 405 846 430 memores
872 396 997 440 (m),
1035 395 1168 443 absque
1207 395 1418 443 splendore,
1461 398 1598 446 pallidae
1622 399 1659 435 &

82 452 268 489 decolores
300 452 427 489 oculos
455 453 575 489 minus
604 453 738 488 feriant.
805 452 940 490 Poterit
967 455 1073 489 etiarn
1111 454 1193 490 ideo
1218 454 1405 491 discrimen
1438 456 1472 492 in
1501 457 1573 494 fetu
1588 458 1658 510 Ι1ῃί-

79 522 146 547 nus
174 509 260 552 effe,
293 510 392 559 quod
415 521 536 547 carnes
554 511 695 557 agendo
714 510 899 548 rubescant
916 511 935 558 (
951 518 1007 547 m*
1023 512 1054 557 ),
1075 513 1182 560 inque
1199 512 1284 555 fetu,
1313 513 1451 562 quisuis
1464 517 1548 551 toris
1565 528 1658 553 non-

79 568 168 605 dum
195 569 243 606 est
272 569 351 607 usus
368 596 377 611 ,
413 568 536 606 colore
570 569 719 606 robusto
755 571 871 607 minus
897 569 929 607 se
959 581 1066 619 quam
1090 572 1128 606 iu
1153 571 1278 608 adulto
1298 572 1447 609 homine
1466 574 1635 612 efferant„

229 681 262 722 ς.
298 674 427 714 X1X.
500 675 537 713 T
534 676 756 713 endinearnm
794 675 966 721 fibrarum
995 679 1032 714 in
1068 677 1217 726 musculo
1233 677 1318 726 fitws
1343 678 1387 721 &
1413 681 1506 717 ordo.

136 784 220 830 Qua
244 780 329 820 Tede
359 794 404 820 ex
435 781 566 821 offibus
597 784 697 821 mista
733 784 924 822 tendinum
959 786 994 823 &
1021 787 1181 823 carnium
1230 792 1354 823 natura
1383 790 1576 836 provenit,
1617 802 1655 827 ea

74 843 242 885 alternae,
277 843 314 878 in
345 842 470 879 eadem
499 842 603 884 linea,
626 842 776 885 similes,
821 844 856 880 &
886 844 1058 892 parallelae
1097 845 1272 882 tendineae
1305 845 1399 883 fibrae
1419 858 1463 883 ex
1480 847 1551 885 offe
1572 859 1656 896 pro-

75 901 208 944 deunt,
263 912 383 949 eaeque
420 901 499 949 post
526 901 680 949 aliquam
715 902 986 949 longitudinem
1016 904 1052 939 in
1075 895 1215 940 carneas
1237 904 1341 942 fibras
1364 905 1529 945 edireclo
1562 907 1655 953 adja-

74 968 219 1001 centes,
259 959 500 1007 eumdemque
531 961 801 997 continuaturas
821 961 990 1003 ductum,
1032 973 1144 1009 porro
1189 962 1447 1009 conglutinatae
1501 963 1655 1002 adhaere-

6 1034 16 1040 ·
72 1017 183 1056 scunt.
260 1016 318 1055 Est
342 1018 404 1055 ubi
436 1016 561 1056 craffus
587 1017 631 1054 de
655 1017 727 1055 osse
762 1019 872 1055 tendo
909 1019 1111 1062 descendit,
1148 1028 1187 1057 ut
1222 1022 1257 1056 in
1280 1021 1376 1058 recto
1409 1023 1523 1065 tibiae,
1563 1023 1654 1060 aliis-

72 1088 143 1125 que
177 1077 289 1114 cruris
320 1075 512 1118 musculis,
566 1077 602 1112 in
627 1077 772 1125 bicipite
797 1078 918 1114 cubiti.
994 1076 1182 1124 Ejusmodi
1215 1079 1346 1116 deinde
1384 1081 1495 1118 tendo
1534 1082 1654 1130 paula-

72 1137 140 1171 tim
169 1134 324 1177 laxatus,
362 1134 464 1172 fibras
490 1134 564 1172 suas
594 1137 631 1170 in
665 1135 891 1173 latitudinem
933 1134 1180 1186 disjicit(n)‚
1232 1146 1272 1175 ut
1313 1140 1350 1175 in
1377 1151 1517 1177 carneas
1546 1140 1652 1178 fibras

69 1192 134 1230 fibi
167 1192 261 1242 quasi
288 1199 516 1230 occurrentes
540 1192 729 1241 dispersae,
765 1195 942 1231 continuo
969 1195 1113 1232 tandem
1143 1196 1251 1234 ductu
1271 1196 1499 1245 degenerent.
1552 1198 1652 1237 Cou-

69 1252 178 1288 trario
206 1251 321 1289 modo
354 1253 393 1288 in
439 1251 551 1289 altero
586 1250 656 1288 fine
684 1251 854 1295 musculi,
905 1254 1054 1302 perinde
1088 1254 1222 1292 medias
1251 1256 1342 1292 inter
1375 1257 1449 1302 sibi,
1470 1257 1650 1306 parallelas

69 1321 215 1353 carnes,
250 1310 346 1347 fibrae
370 1310 544 1347 tendineae
567 1309 689 1347 sensim
732 1310 976 1359 colliguntur,
1026 1315 1208 1351 continuae
1238 1315 1398 1357 carneis,
1445 1316 1481 1352 ἃ
1519 1316 1650 1365 stipatae

67 1369 260 1418 paulatim,
298 1368 474 1406 diminuta
500 1381 707 1406 carnearum
739 1371 933 1418 portione,
988 1371 1100 1409 altero
1137 1372 1181 1410 de
1212 1372 1283 1410 fine
1310 1373 1461 1412 musculi
1494 1375 1531 1411 in
1560 1381 1650 1413 tere-

68 1434 141 1465 tem
178 1426 362 1465 tendinem
385 1427 547 1465 adunatae
565 1434 708 1465 exeunt.

127 1486 167 1523 In
198 1485 365 1524 musculis
391 1486 525 1535 planis,
563 1486 666 1534 quale
694 1486 926 1536 diaphragma
958 1488 1027 1532 est,
1062 1489 1249 1526 'tendineae
1288 1489 1384 1527 fibrae
1423 1490 1497 1529 suas
1524 1493 1561 1529 in
1595 1505 1650 1531 re-

66 1545 194 1592 giones
216 1544 458 1592 colliguntur,
501 1556 658 1594 cumque
681 1548 839 1589 carneis,
873 1546 935 1583 ssbi
968 1547 1250 1599 circumpolitis3
1284 1550 1331 1586 ita
1356 1551 1645 1599 conjunguntur,

67 1611 107 1640 ut
138 1604 260 1651 exigui
282 1602 462 1652 processus
493 1604 592 1641 rubri
617 1604 710 1640 inter
729 1603 854 1645 albos,
898 1605 1040 1654 albique
1074 1608 1167 1643 inter
1205 1607 1335 1644 rubros
1375 1607 1495 1656 passirn
1525 1609 1556 1646 se
1593 1612 1647 1648 in-

67 1668 271 1710 terponant.
338 1660 384 1699 Ea
420 1662 524 1699 etiam
564 1663 702 1699 ratione
730 1662 763 1698 se
792 1661 925 1699 habent
951 1665 988 1700 in
1017 1664 1263 1703 musculorum
1295 1665 1582 1714 inscriptionibus.

124 1721 214 1758 Non
246 1720 370 1758 desunt
397 1720 586 1769 exempla,
625 1721 663 1756 in
688 1721 845 1769 quibus,
891 1723 996 1759 etiam
1039 1724 1076 1759 in
1115 1724 1311 1761 transverso
1349 1725 1474 1774 septo,
1523 1726 1646 1776 paffim

65 1779 242 1816 tendineae
267 1778 362 1816 fibrae
394 1780 507 1815 carnis
544 1781 785 1824 internatent;
826 1786 886 1816 aut
918 1781 956 1816 in
988 1780 1111 1818 eadem
1149 1782 1300 1820 musculi
1344 1786 1495 1831 regione
1533 1785 1647 1822 craffi-

67 1839 154 1875 tiem
185 1838 313 1886 partim
340 1837 517 1874 tendineae
541 1843 710 1879 teneant,
745 1838 874 1886 partim
903 1849 995 1875 caro.
1061 1839 1159 1878 Solet
1188 1842 1230 1877 iis
1252 1841 1289 1877 in
1327 1842 1500 1891 exemplis
1520 1871 1531 1885 ,
1565 1855 1645 1893 quae

63 1896 143 1934 sunt
175 1896 396 1945 frequentia,
430 1895 607 1933 tendineae
638 1894 735 1932 fibrae
771 1897 905 1934 carneis
937 1897 1114 1946 parallelae
1144 1899 1179 1936 &
1212 1898 1360 1942 ssmiles,
1405 1913 1535 1945 unam,
1583 1909 1644 1940 aut

64 1963 252 2004 utramque
294 1953 444 1992 musculi
472 1953 691 2007 superficiem
712 1961 830 1993 tenere
850 1983 860 1998 ,
903 1963 943 1994 ut
970 1956 1092 1995 medio
1119 1957 1228 2000 loco,
1273 1959 1383 2008 inque
1411 1961 1641 1999 interioribus

63 2012 241 2056 musculi,
281 2024 402 2051 carnes
436 2012 516 2050 solae
546 2011 624 2050 fint.

1573 2077 1644 2117 Alii

104 2175 183 2213 (m)
209 2174 311 2206 Minus
332 2175 395 2206 duri
426 2175 645 2206 Boanmavn
670 2176 802 2208 adversus
819 2177 857 2207 du
870 2177 998 2208 HAMEL
1021 2187 1048 2217 p.
1067 2184 1133 2218 198.

102 2217 207 2252 (m‘)
233 2216 328 2245 Grssw
345 2215 434 2252 ofthe
451 2223 518 2253 guts
545 2226 570 2254 p.
588 2225 636 2252 41.

103 2257 169 2294 (n)
191 2256 490 2287 Latuwemroeex
508 2266 536 2295 p.
560 2265 626 2294 3²0·
661 2255 765 2287 Mors
793 2267 948 2298 p.94.95.
982 2258 1038 2291 Sed
1055 2259 1124 2292 fmes
1146 2260 1195 2291 iste
1210 2260 1273 2292 vult
1290 2261 1431 2294 inteflexi.

126 2347 250 2387 Haller
280 2348 467 2399 Phyfiolog.
531 2349 640 2389 Tom.
674 2347 749 2389 IV.
1155 2353 1172 2392 I
1204 2355 1215 2391 i
1245 2355 1258 2391 i
