1895 2650
413 136 718 182 πεπτω.
812 135 1349 178 PHAENOMENA:
1551 150 1629 187 441

46 240 201 279 'omnino
252 238 379 285 majori
419 239 454 274 vi
486 243 610 284 egeat,
662 234 686 272 fi
724 233 816 276 ultra
861 233 1054 271 extendere
1086 234 1195 276 velis,
1244 234 1329 272 hinc
1361 236 1466 274 etiam
1499 234 1636 273 dimissa

58 300 184 336 fortius
222 298 256 334 &
295 297 442 334 celerius
470 294 616 336 refiliat,
670 294 776 347 seque
818 292 1014 340 recolligat.
1093 293 1192 330 Cutis
1222 293 1395 337 humana,
1448 305 1487 334 ut
1518 296 1631 345 duplo

58 343 203 405 longssius
234 356 465 397 extendatur,
499 354 646 402 requirit
672 354 745 389 vim
769 350 955 399 decuplam
973 379 981 391 ,
1024 351 1059 387 &
1087 351 1243 400 septupla
1256 353 1413 391 extenfio
1438 357 1509 392 vim
1532 357 1631 404 vige-

59 415 200 464 cuplam
222 414 318 460 (h).
379 413 522 450 ‘Lotum
552 413 642 449 cutis
667 410 860 459 apondere
884 408 1033 457 fimplici
1054 410 1096 446 ad
1124 419 1279 459 quatuor
1306 412 1433 452 lineas:
1471 428 1489 452 a
1517 414 1630 463 duplo

58 486 122 523 per
150 474 302 522 septem,
342 485 358 510 a
385 472 492 520 triplo
519 482 581 519 per
609 481 741 506 novem
758 469 898 510 lineas,
932 468 1115 506 extensum
1139 470 1277 517 est(i).
1347 471 1400 508 Est
1426 481 1544 511 autem
1576 473 1633 511 sua

59 535 184 581 utique
230 531 313 569 huic
333 531 496 579 potestati
537 528 719 570 mensura,
767 528 855 565 ultra
882 539 990 575 quam
1025 526 1048 563 fi
1077 527 1198 564 fibram
1232 529 1465 576 produxeris,
1509 532 1646 569 eadem

59 591 177 628 subito
206 590 301 628 nulla
327 589 390 632 iit,
428 589 463 625 &
495 587 627 625 viribus
659 586 933 624 distrahentibus
958 587 1005 622 ita
1030 587 1145 628 cedit,
1187 596 1225 625 ut
1252 588 1425 627 elementa
1446 604 1465 628 a
1492 590 1524 627 se
1544 592 1635 628 invi-

59 661 139 687 cem
164 649 349 691 secedant,
386 656 424 685 ut
452 658 581 694 nempe
607 645 741 683 chorda
774 652 969 692 rumpatur.

116 706 174 746 Sic
196 708 300 745 etiam
327 707 437 744 altero
459 707 495 741 in
528 712 690 742 extremo
705 703 796 746 fine,
836 714 966 751 nempe
983 703 1019 739 in
1036 704 1200 742 contastu
1218 732 1226 747 ‚
1260 704 1336 743 haec
1366 707 1532 745 naturalis
1551 719 1638 745 con-

59 767 182 804 tractio
214 765 392 814 quiescere
427 764 567 801 videtur
587 791 597 805 ‚
633 763 780 811 quando
816 773 945 810 nempe
978 762 1067 799 adeo
1104 767 1217 812 prope
1249 764 1299 801 ad.
1318 764 1351 801 se
1379 767 1535 803 invicem
1568 767 1639 805 ele-

11 832 13 834 ’
60 833 180 862 menta
211 824 358 861 adduna
399 822 570 864 fuerunt,
614 829 654 860 ut
677 833 789 871 porro
829 822 977 870 propius
1015 821 1144 859 adduci
1179 831 1366 872 nequeant.
1449 825 1638 864 Accedunt

61 885 186 933 utique
204 882 266 919 fibi
284 880 456 931 permissa.
518 880 683 929 Ruptum
708 881 756 918 est
783 881 873 918 cutis
889 880 1035 922 lorum,
1070 891 1153 918 cum
1183 892 1201 918 a
1233 891 1264 924 3.
1299 882 1489 931 pollicibus
1508 884 1551 922 ad
1581 884 1640 922 sex

61 936 420 983 extensum'fuiffet,
455 939 624 988 idemque
660 941 696 976 in
726 940 811 977 duas
837 937 1022 987 particulas
1052 939 1272 986 conjunftim
1310 948 1380 978 tres
1411 945 1532 980 uncias
1560 943 1641 981 lon-

60 1000 262 1049 gasredit,
297 1007 373 1037 tum
406 1000 538 1035 arteriae
573 998 740 1034 distraetae
768 998 948 1045 segmenta
971 998 1062 1043 (k).
1138 995 1237 1034 Vero
1278 1005 1397 1036 tamen
1437 1002 1486 1038 est
1512 999 1636 1045 simile,

60 1061 166 1097 etiam
195 1065 282 1096 tunc
313 1058 386 1095 vim
417 1056 661 1093 contraftilem
684 1058 827 1093 tacitam
853 1054 1046 1104 superesse,
1080 1055 1311 1104 conspicuam
1324 1058 1493 1102 futuram,
1525 1059 1640 1110 siquo

61 1117 176 1155 modo
204 1116 383 1154 obstacula
406 1115 560 1164 superari
595 1113 747 1164 possint,
810 1125 889 1163 quae
929 1114 1197 1152 elementorum.
1233 1117 1410 1156 contaeui
1454 1118 1640 1157 obfistunt.

60 1175 170 1214 Nulla
193 1176 292 1212 enirn
321 1175 494 1211 *materies
527 1180 613 1217 nota
657 1173 729 1215 est,
768 1175 838 1213 ‚cui
866 1184 943 1209 non
977 1172 1028 1210 sui
1051 1172 1116 1210 fint
1144 1175 1250 1221 pori,
1300 1175 1428 1225 suaque
1458 1179 1550 1215 inter
1571 1178 1642 1215 ele..

61 1242 181 1271 menta
208 1233 414 1270 intervalla:
448 1243 511 1281 per
534 1235 612 1280 quae
641 1232 711 1281 ip'sa
748 1230 1057 1274 intervallamota
1089 1232 1263 1272 elementa
1284 1237 1431 1285 propius
1459 1238 1583 1288 utique
1598 1236 1643 1276 ad

61 1292 95 1332 se
123 1293 278 1332 invicem
314 1290 454 1344 possent
484 1290 662 1330 accedere..

470 1405 502 1448 §.
535 1400 594 1440 ΙΙ.
659 1398 795 1452 (Quibus
823 1401 862 1438 in
881 1399 1065 1443 ,Partibus
1090 1413 1127 1444 κε’
1141 1402 1239 1445 zdeat.

122 1510 232 1549 Nulla
258 1509 350 1548 forte
372 1521 450 1562 pars
478 1512 642 1561 corporis
662 1509 810 1548 humani
834 1510 976 1558 penitus
1005 1509 1115 1556 hujus
1143 1509 1324 1558 potestatis
1354 1511 1479 1563 exper‘s
1525 1512 1647 1552 fuerin

63 1568 341 1607 Manifestiffima
375 1577 494 1606 tamen
522 1569 571 1606 est
598 1571 634 1606 in
668 1568 857 1606 musculis:
892 1567 1021 1605 deinde
1052 1570 1090 1604 in
1116 1570 1351 1611 membranis,
1399 1572 1544 1620 pleura,
1585 1585 1646 1622 pe-

64 1628 215 1670 riosteo,
249 1627 493 1670 mediasteno,
529 1636 606 1665 tum
636 1629 674 1664 in
694 1625 937 1668 -tendinibus,
980 1627 1017 1663 &
1055 1627 1257 1675 ligamentis
1297 1629 1332 1665 &
1369 1630 1535 1669 cellulosa
1564 1632 1642 1670 tela.

65 1686 101 1724 Si
130 1687 247 1728 abest,
280 1694 339 1724 aut
361 1698 379 1723 a
408 1685 618 1723 mollissimis
636 1678 795 1735 partibus
837 1685 953 1727 abest,
984 1692 1024 1723 ut
1052 1697 1069 1722 a
1100 1687 1263 1724 medulla
1295 1688 1330 1724 &
1357 1700 1375 1726 a
1400 1692 1534 1728 cortice
1552 1703 1648 1729 cere-

64 1745 142 1788 bri,
176 1746 212 1782 &
238 1757 256 1781 a
289 1746 401 1782 retina
430 1747 566 1789 tunica;
604 1752 665 1782 aut
689 1757 707 1782 a
727 1743 941 1786 durissimis,
977 1742 1068 1784 offe,
1112 1746 1147 1781 &
1170 1745 1289 1783 dente.

123 1804 217 1850 Quae
239 1803 462 1841 contractiles
487 1803 589 1845 sunt,
630 1815 678 1841 eae
710 1815 837 1840 omnes
858 1814 876 1839 a
897 1801 1116 1851 ponderibus
1154 1803 1304 1841 extensae
1337 1805 1471 1845 cedunt
1501 1807 1646 1856 longio-

64 1875 192 1912 resque
221 1861 332 1905 fiunt,
399 1861 456 1899 sed
497 1873 581 1899 cum
623 1851 802 1911 perpetu8
834 1861 879 1898 ad
920 1861 1203 1910 recuperandam
1247 1863 1457 1904 brevitatem
1502 1874 1643 1905 conatu.

64 1921 257 1959 Diversum
290 1921 339 1957 est
359 1921 470 1958 robur
499 1922 536 1958 in
569 1920 710 1958 divetfis
747 1921 925 1970 partibus,
962 1928 1000 1958 ut
1027 1918 1129 1969 facile
1173 1921 1393 1970 intelligitur.
1469 1924 1650 1963 Debiliffi.

65 1981 116 2017 mi
142 1981 308 2018 videntur
335 1979 484 2019 musculi
514 1978 604 2023 esse,
635 1987 713 2019 tum
734 1981 770 2018 in
789 1978 909 2018 vesicae
935 1979 1142 2035 membrana
1160 1980 1268 2031 inque
1287 1981 1487 2022 ventriculo
1506 1984 1648 2026 lacerti,

1493 2043 1651 2095 aliquan-

111 2191 180 2228 (h)
209 2181 395 2222 Sauvsi'oss
421 2192 520 2223 Thoar.
536 2198 640 2223 tumor.
664 2201 690 2231 p.
710 2202 739 2231 7.

111 2233 168 2269 (i)
190 2232 278 2262 lom
297 2232 365 2262 ibid.

110 2273 172 2310 (k)
196 2273 265 2303 ibid.
285 2283 311 2312 p.
337 2279 366 2309 8.

158 2364 290 2404 Haller.
328 2365 516 2416 Phyfiolog.
586 2364 694 2404 Tom.
733 2366 807 2406 IV.
1137 2372 1170 2412 Κ
1216 2372 1239 2410 k
1284 2372 1309 2409 k
