1895 2650
420 125 729 169 SECT.II.
824 131 1357 177 PHAENOMENA.·
1581 154 1654 191 5¹1

66 229 185 272 aptam
233 223 482 271 obliquitatem
528 234 724 263 moveatur.
801 227 850 265 lta
883 230 918 265 in
972 231 1081 268 oculo
1127 235 1261 281 poterit
1289 234 1461 283 obliquus
1500 235 1659 285 superior

69 284 218 320 oculum
255 284 386 321 ducere
417 286 642 326 antrortum,
679 295 716 323 ut
752 297 796 322 ex
842 290 956 325 orbita
997 300 1120 335 exeat3
1164 303 1324 330 internus
1359 295 1573 339 introrsum,
1621 301 1657 334 ec

68 341 230 390 superior
259 356 328 380 una
358 343 497 381 surium.
577 344 783 393 iterumque
821 354 858 383 ut
900 350 1050 396 qui-<que
1086 351 1218 387 hurum
1279 353 1524 392 musculorum
1569 358 1657 392 vivi-

67 401 147 437 dius
171 403 405 449 operabitur,
461 401 524 451 eju
537 415 606 451 que
648 407 868 452 antagonista
896 419 952 457 pet
962 407 1084 445 leciius
1126 409 1332 453 laxabitur,
1381 414 1425 450 ita
1459 414 1654 453 secundum

66 471 141 495 eam
172 461 301 497 lineam
332 459 459 498 oculus
488 464 663 504 ducetur,
700 475 777 511 quae
821 464 859 503 fit
896 467 931 501 in
968 470 1061 504 votis
1100 469 1324 513 voluntatis,
1378 475 1489 521 migis
1520 474 1654 512 furlum

66 529 172 566 qnam
209 519 430 562 introrsum,
466 523 578 568 magis
607 523 808 560 antrorsum
841 536 948 573 quam
991 525 1134 564 sursum.

124 575 198 614 Has
230 587 399 616 motuum
431 579 738 628 compositiones,
773 594 852 631 quae
899 595 943 620 ex
991 585 1235 627 muiculorum
1284 587 1458 626 sodalium
1507 589 1571 628 situ
1616 592 1652 629 δε

63 646 255 674 momento
290 640 418 674 virium
450 642 542 675 varie
574 642 768 682 oriuntur,
823 642 1016 680 secundum
1054 645 1148 693 leges
1192 647 1471 684 combinationis
1508 651 1651 687 calculis

63 695 226 741 exprt-ffit
246 695 362 743 Julius
394 695 584 733 W‘El‘rss
604 712 623 735 R
643 712 731 736 ecH
753 711 797 736 T:
833 703 1045 751 invenitque
1072 704 1197 741 decem
1231 705 1422 749 musculis,
1460 708 1494 743 &
1531 710 1650 745 inten-

61 752 241 796 iitatibus,
279 764 464 797 u,tvocat
503 756 663 799 duilius,
701 769 823 795 motus
865 762 1015 798 variatos
1054 763 1208 813 produci
1233 777 1306 801 non
1338 767 1525 815 pauciores
1541 779 1648 814 quam

68 823 99 848 ι
125 820 219 858 048
249 825 341 859 575.
377 823 415 851 ut
441 814 485 851 de
522 818 649 863 viginti
681 818 874 862 musculis,
930 821 965 857 &
998 821 1042 857 de
1081 823 1226 870 triginta
1276 827 1486 862 omittamus
1512 836 1650 875 repete-

61 883 98 908 re
120 872 203 919 (l).
307 873 495 911 Continuo
530 885 647 912 autem
684 877 895 924 adpartbit,
947 891 1020 916 non
1064 879 1131 918 esse
1146 890 1288 945 praetet
1325 886 1568 934 opinionem,
1622 885 1647 922 ii

60 930 240 968 numerofi
279 931 429 970 musculi
457 935 494 969 in
520 934 644 972 eadem
681 935 820 973 actione
861 940 1112 977 convenerint.

89 1058 121 1100 ἓ,
155 1054 237 1094 XL
254 1055 326 1095 IV.
383 1057 540 1096 Athones
570 1058 803 1107 musculorum
834 1064 984 1100 varIatae
1009 1076 1052 1100 ex
1071 1063 1248 1112 firmitate
1273 1068 1435 1114 partium
1465 1073 1612 1105 mutata,

115 1178 245 1218 Praeter
276 1193 338 1219 eos
370 1179 571 1225 musculos,
616 1182 678 1232 qui
712 1194 757 1220 ex
788 1181 859 1220 offe
894 1183 1043 1233 profecti
1076 1184 1119 1221 ad
1150 1183 1301 1222 mollem
1330 1184 1485 1233 aliquam
1511 1190 1646 1232 partem

57 1238 259 1282 ducuntur,
296 1248 335 1278 ut
361 1240 405 1277 ad
441 1240 613 1284 oculum,
649 1242 693 1278 ad
720 1242 910 1290 linguam,
965 1243 1009 1280 ad
1052 1243 1298 1292 pharyngem,
1334 1243 1461 1292 reliqui
1495 1244 1646 1280 musculi

56 1309 136 1336 raro
168 1299 298 1336 habent
324 1299 433 1337 finem
465 1300 616 1338 alterum
642 1301 794 1348 perfecie
817 1302 1070 1345 immobilem,
1107 1303 1142 1339 δι
1175 1304 1286 1351 longe
1317 1303 1530 1352 plerumque
1565 1301 1645 1338 finis

55 1357 204 1406 quidem
238 1359 324 1396 alter
343 1358 481 1396 firmior
508 1359 576 1402 est,
607 1359 694 1398 alter
728 1360 924 1398 mobilior:
960 1361 1118 1403 firmior,
1165 1363 1226 1411 qui
1274 1362 1318 1399 ad
1358 1368 1526 1399 truncum
1562 1372 1643 1398 cor-

55 1419 152 1466 poris
183 1415 332 1466 spectat,
367 1418 597 1467 pelvimque:
648 1419 843 1463 mobilior,
879 1421 941 1468 qui
961 1420 1004 1457 ad
1038 1428 1133 1458 artus
1166 1428 1358 1458 extremos.

115 1475 226 1514 Nunc
247 1489 310 1526 per
323 1476 422 1520 alios,
458 1479 564 1514 etiam
582 1477 693 1526 longe
721 1485 903 1521 remotos,
936 1478 1116 1517 musculos
1138 1480 1282 1517 infinitis
1311 1480 1428 1516 modis
1459 1478 1573 1527 potest
1594 1478 1642 1515 al-

54 1536 222 1572 terutrius
257 1535 408 1573 musculi
441 1535 520 1573 finis
560 1535 697 1573 firmior
730 1539 855 1580 reddi,
904 1545 964 1575 aut
995 1537 1141 1576 viciffim
1176 1538 1367 1581 mobilior,
1419 1545 1457 1575 ut
1485 1539 1640 1575 omnino

53 1605 146 1654 pene
174 1595 285 1632 totius
309 1596 473 1643 corporis
504 1596 595 1632 vires
633 1597 726 1633 inter
755 1596 788 1634 se
822 1597 1073 1640 conientiant,
1126 1597 1230 1647 seque
1272 1608 1402 1635 mutuo
1444 1606 1504 1634 aut
1542 1596 1641 1644 adju-

52 1660 164 1695 vent,
198 1661 259 1691 aut
292 1654 500 1702 impediant

111 1711 163 1750 lta
190 1714 226 1748 in
256 1711 405 1749 homine
440 1712 603 1753 sedente,
642 1712 678 1749 &
706 1713 852 1760 quieto,
887 1713 1085 1757 deltoides,
1138 1713 1225 1752 dum
1259 1714 1451 1753 humerum
1498 1713 1635 1757 elevat,

54 1769 233 1820 scapulam
268 1783 364 1813 una,
402 1771 436 1807 &
472 1770 680 1808 claviculam
712 1771 859 1808 deberet
881 1771 1111 1820 deprimere,
1150 1785 1234 1810 cum
1268 1783 1418 1822 utraque
1446 1784 1525 1822 pars
1556 1785 1637 1809 mo-

53 1829 132 1867 bilis
165 1828 214 1866 fit.
280 1829 330 1866 lta
366 1841 483 1872 vero,
518 1841 600 1866 cum
635 1829 678 1866 ad
709 1829 887 1879 scapulam
926 1831 1097 1870 humerus
1122 1832 1398 1874 dearticuletur,
1449 1832 1545 1868 nulla
1577 1831 1638 1869 fie-

51 1896 106 1924 ret
151 1889 226 1936 ejus
274 1888 410 1926 robusti
443 1887 592 1926 musculi
623 1887 739 1931 acho,
788 1897 896 1939 atque
931 1890 1083 1944 elevatio
1119 1892 1314 1930 destrueret
1345 1889 1633 1940 depressionem,

51 1954 159 1996 atque
191 1945 346 1984 viciffim.

112 2005 257 2051 Quare,
290 2007 432 2055 quoties
465 2005 657 2044 humerum
695 2006 812 2044 levare
841 2007 1034 2053 volumus,
1075 2016 1223 2059 oportet
1250 2009 1426 2059 scapulam
1463 2009 1498 2046 &
1529 2008 1635 2047 clavi-

50 2064 168 2103 culam
196 2067 368 2107 retinere,
404 2078 448 2102 ne
483 2067 726 2110 deicendanr,
774 2076 814 2104 ut
846 2067 924 2105 finis
959 2072 1134 2107 immotus
1170 2068 1235 2112 fit,
1281 2081 1356 2118 quo
1390 2067 1564 2105 deltoides
1589 2067 1635 2105 ad

49 2135 89 2161 ea
116 2123 185 2160 (assa
214 2124 375 2161 adhaez'et.
440 2124 519 2162 Una
554 2137 642 2167 ergo
665 2125 800 2162 nect-[se
828 2127 876 2164 est
896 2130 1062 2168 contrahi
1082 2128 1280 2168 levatorem
1307 2127 1476 2179 scapulae2
1510 2127 1635 2164 thom·

58 2182 254 2226 boideum,
288 2187 512 2234 trapezium,
548 2185 706 2223 scalenos
745 2186 895 2235 aliquos.

1560 2242 1631 2282 Sed

49 2369 52 2373 ,
88 2344 153 2383 (l)
182 2347 287 2379 Comm.
301 2347 392 2380 acad,
409 2349 509 2381 Scient.
529 2348 636 2388 Petrop.
662 2349 696 2381 T.
712 2346 750 2381 X.
781 2359 809 2389 p.
828 2358 895 2389 277·
