1895 2650
385 122 707 164 SECT.11.
781 116 1346 162 PHAENOMENA.
1554 127 1637 168 469

519 238 551 280 §—
586 232 713 273 XVI.
790 233 875 271 Non
907 230 951 279 est
989 238 1163 280 perpetua.

120 346 189 386 Etfi
215 346 374 396 plerique
406 340 686 392 scriptores(t)
719 344 754 379 in
779 342 1028 380 definitionem
1075 343 1185 391 ipsam
1221 343 1272 379 vis
1312 340 1467 379 nervoste
1503 352 1646 389 recepe—

61 417 165 449 runt,
216 414 253 444 ut
273 403 384 441 abeffe
413 403 515 450 poffit
552 403 587 440 ὃς
629 401 764 444 adesse,
794 404 870 439 erit
908 411 1026 437 tamen
1055 403 1161 438 nobis
1184 402 1292 439 cnul'ae
1326 401 1421 444 satis,
1476 410 1513 438 ut
1544 412 1648 437 areu-

62 468 168 503 ratius
199 467 234 502 in
265 464 335 500 hoc
357 464 598 512 phaenomeno
630 461 816 499 versemur.
880 460 1009 507 Neque
1041 462 1138 497 enim
1165 461 1377 503 defuerunt,
1428 462 1489 508 qui
1522 471 1648 507 perpe-

61 533 128 561 tuo
169 525 308 572 operari
335 523 544 563 leuben-nr,
598 529 763 561 tantum,
812 529 850 557 ut
882 520 1119 568 aequilibratio
1159 520 1462 568 antagonlstarum
1497 531 1570 555 non
1607 516 1648 554 fi-

62 591 162 620 neret
193 582 422 630 conspicuam
458 582 580 623 reddi,
617 592 695 629 quae
729 580 834 617 tacita
872 586 997 616 contra
1039 578 1218 616 adversam
1256 580 1466 628 potestatem
1498 580 1644 620 nititur,

62 642 135 679 virn
171 640 364 678 nervosam.

123 699 164 737 In
201 702 235 737 vi
273 700 431 736 irritabili
465 698 559 736 hanc
593 698 868 747 perpetuitatem
909 697 1138 746 recepimus,
1187 708 1264 735 non
1301 695 1449 746 perinde
1488 696 1525 732 in
1571 705 1650 732 ner-

62 758 156 798 vosa.
238 757 362 796 Abesse
397 766 495 795 certe
523 759 710 800 creditur,
763 756 914 805 quando
950 763 1043 794 artus
1075 755 1222 798 flaccet,
1279 757 1314 794 δι
1347 755 1583 804 phaenomena
1613 755 1649 790 in

61 817 224 856 musculo
248 817 516 867 conspiciuntur
533 841 546 861 ‚
578 828 657 866 quae
684 815 746 853 suo
776 816 860 854 loco
876 814 1170 865 ennarravimus(
1192 827 1215 851 u
1235 815 1262 860 ).
1328 814 1398 852 Sed
1433 826 1477 851 eo
1500 815 1535 850 in
1560 814 1649 850 statu

64 879 185 914 omnis
214 876 393 914 musculus
422 878 458 912 in
483 878 568 913 vivo
594 874 765 916 homine,
815 877 972 923 vivoque
1008 875 1160 911 animale
1191 885 1235 911 ex
1271 873 1327 912 sua
1362 881 1484 911 natura
1514 872 1650 920 semper

62 935 112 973 est
138 936 374 977 constitutus,
422 934 505 977 nifi,
539 936 685 982 quando
718 933 883 971 voluntas
919 935 992 980 ejus
1038 933 1215 970 aetionem
1252 932 1408 982 requirit.
1489 931 1646 974 Videas,

62 1006 146 1031 nam
169 994 249 1031 sunt
291 1006 336 1031 ex
369 994 577 1031 voluntariis
614 992 809 1034 muscum,
863 992 1142 1028 intercostalium
1177 1003 1301 1028 earnes
1350 991 1430 1040 post
1473 990 1650 1026 astionem

61 1052 158 1091 suam
183 1051 270 1101 (x)
303 1052 501 1102 quiescere,
536 1050 700 1089 flaccidas
731 1049 816 1094 effe,
842 1050 981 1092 molles,
1020 1050 1171 1098 longas,
1206 1050 1348 1100 planas,
1392 1050 1426 1087 &
1460 1050 1496 1086 in
1518 1061 1561 1086 eo
1581 1048 1645 1085 sta-

63 1119 102 1151 tu
125 1112 302 1160 perpetim
332 1123 499 1153 manere,
544 1113 581 1147 in
601 1122 707 1160 quem
739 1122 802 1157 per
835 1110 1110 1158 exspirationem
1138 1109 1383 1151 reducuntur,
1413 1109 1532 1158 quoad
1549 1119 1648 1145 nova

55 1171 182 1220 aliqua
222 1172 274 1208 vis
301 1171 347 1208 ad
373 1182 427 1207 eas
457 1181 579 1206 carnes
608 1164 808 1211 accesserit,
857 1180 925 1217 qua
962 1170 1107 1205 excitati
1145 1168 1412 1217 inspirationem
1443 1167 1647 1204 moliantur.

63 1228 107 1267 ln
131 1229 206 1267 aliis
249 1229 414 1267 musculis
449 1228 573 1266 eadem
601 1228 650 1265 est
680 1235 828 1269 natura,
866 1228 901 1264 δι
935 1228 1140 1266 diuturnior
1170 1229 1292 1276 quies,
1327 1239 1411 1265 cum
1434 1225 1500 1264 fint
1519 1253 1530 1268 .
1559 1238 1652 1276 quo-

61 1300 144 1326 rum
171 1285 288 1326 officia
321 1290 438 1325 anima
471 1287 581 1336 longa
616 1287 765 1324 der-zum
800 1285 879 1334 post
922 1288 1050 1334 quietis
1091 1286 1276 1324 intervalla
1311 1287 1486 1336 requirit,
1531 1286 1651 1334 quales

62 1347 145 1385 sunt
172 1349 295 1396 capitis
331 1345 575 1384 conversores.
655 1345 756 1383 Toto
787 1357 831 1383 eo
858 1354 1022 1394 tempore
1046 1374 1056 1389 ,
1109 1357 1183 1394 quo
1222 1357 1349 1383 eorum
1379 1345 1553 1382 auxilium
1588 1356 1653 1381 vo-

62 1406 180 1445 luntas
214 1418 288 1443 non
318 1407 491 1455 requirit,
529 1405 657 1442 molles
686 1405 784 1448 sunt,
820 1405 856 1443 &
889 1404 1013 1453 longi,
1049 1406 1084 1443 Sc
1112 1406 1149 1441 in
1181 1404 1297 1447 statu,
1331 1416 1408 1442 non
1439 1403 1653 1441 contraeiio-

63 1467 141 1508 nis,
176 1464 234 1503 sed
262 1465 490 1502 relaxationis
516 1465 712 1512 quielcunt.

123 1523 239 1561 Porro
274 1523 453 1562 adnotasse
502 1532 671 1572 oportet,
714 1524 919 1562 musculum
957 1536 977 1561 a
1021 1524 1223 1562 voluntaria
1263 1522 1402 1560 afflone
1433 1521 1584 1563 dolere,
1630 1520 1653 1557 fi

63 1582 209 1633 quando
244 1582 378 1621 diutius
419 1595 497 1621 eam
551 1582 774 1625 sustinuerit,
812 1584 846 1620 &
877 1583 1035 1631 farigari,
1089 1589 1128 1621 ut
1169 1582 1318 1621 demum
1348 1581 1527 1631 ejusmodi
1564 1581 1654 1618 aelio

62 1645 205 1695 penitus
225 1642 442 1680 intolerabili
478 1642 720 1679 incommodo
751 1654 817 1679 nes
845 1641 994 1679 adficiat.

124 1700 215 1739 Non
243 1713 333 1750 ergo
361 1700 561 1738 tenendum
590 1700 665 1743 est,
719 1702 756 1737 in
790 1700 866 1750 ipso
896 1701 1025 1738 somno
1052 1701 1189 1738 nescios
1216 1701 1346 1750 quietis
1382 1698 1561 1737 musculos
1591 1711 1656 1736 vo-

64 1758 268 1801 luntarios,
327 1761 363 1797 in
405 1759 650 1797 contractione
691 1758 842 1802 versari,
889 1759 1090 1808 eademque
1136 1771 1220 1798 cum
1261 1759 1456 1797 constantia
1486 1758 1651 1807 operari,

65 1831 144 1868 quae
174 1818 224 1856 est
254 1823 290 1856 in
333 1819 443 1855 corde
463 1846 471 1860 ,
508 1820 544 1855 in
568 1817 850 1866 sphinfteribus,
891 1819 926 1854 in
943 1818 1168 1861 ventriculo,
1205 1819 1240 1855 in
1265 1817 1457 1860 intestinis,
1496 1828 1656 1864 quorum

65 1887 188 1915 motus
213 1890 232 1915 a
254 1879 296 1915 ·vi
326 1876 424 1915 infita
456 1875 701 1915 musculorum
735 1877 931 1926 pendentes
961 1877 1058 1916 nulla
1093 1877 1192 1927 quies
1215 1877 1470 1926 interrumpit,
1505 1875 1562 1914 sed
1576 1875 1656 1915 nul-

65 1936 98 1974 la
126 1938 231 1974 etiam
268 1936 429 1985 fatigatio
458 1936 576 1973 reddit
598 1936 869 1974 incommodos

126 1995 228 2034 Nihil
257 1995 352 2033 enim
379 1988 586 2037 adtineret,
633 1993 802 2042 objecisse
819 2024 829 2038 ,
865 2007 941 2033 non
970 1996 1005 2032 in
1035 1994 1150 2033 aetum
1174 2007 1363 2045 erumpere
1387 1993 1566 2032 musculos
1586 2007 1603 2032 a
1621 1997 1657 2032 vi

66 2055 215 2094 nervosa
238 2055 353 2096 actos,
390 2066 480 2104 ergo
516 2055 699 2091 mitiorem
729 2054 796 2091 effe
828 2063 961 2093 naturae
989 2055 1174 2096 laborem5
1210 2055 1409 2092 ostenditur
1444 2055 1541 2091 enim
1573 2053 1652 2091 fieri

43 2112 188 2164 moise,
241 2122 281 2152 ut
315 2126 416 2163 aeque
456 2125 610 2162 magnus
631 2113 702 2156 fit,
753 2126 872 2164 neque
910 2116 1028 2152 minus
1061 2113 1241 2153 musculus
1277 2114 1439 2156 laboret,
1512 2113 1656 2164 quando

889 2173 926 2212 N
957 2186 983 2211 n
1014 2186 1038 2211 n
1105 2184 1122 2217 3
1527 2179 1654 2210 contra

110 2277 173 2314 (t)
207 2277 387 2308 Ronanus
412 2275 448 2310 L.
471 2277 506 2309 11.
530 2275 636 2316 propos:
657 2280 685 2308 6.
753 2278 972 2310 Bonnfltmvz
997 2289 1025 2311 n.
1041 2288 1110 2317 40²·
1159 2279 1361 2317 Abhandlzmg
1386 2287 1448 2308 vom
1465 2272 1654 2315 Nervenfitsre,

67 2324 97 2355 ¹³·
110 2327 176 2395 ἓῖἱ)
188 2328 221 2394 ¹¹13
235 2327 320 2396 Ἔο-
338 2359 411 2398 seqq-
511 2390 514 2392 .
1451 2330 1454 2333 ’

109 2400 124 2438 (
134 2401 179 2438 x)
200 2402 246 2432 De
264 2398 357 2439 rtffpir.
381 2401 456 2432 Sest.
469 2399 491 2433 1.
520 2400 628 2440 ubique
653 2401 680 2432 ἃ
697 2399 746 2432 hic
771 2410 796 2440 p.
812 2407 881 2440 480.
