1895 2650
538 137 1271 182 ‘saczzltciiusze
1621 157 1697 193 549

187 234 325 274 Verum
356 232 416 273 etfi
437 233 533 273 calor
564 234 729 278 fervidae,
765 234 882 272 multo
910 241 1031 277 certe,
1077 247 1185 284 quam
1230 236 1327 274 calor
1359 236 1537 286 sanguinis
1575 240 1700 285 major,

127 296 429 333 abbreviationem
448 293 596 333 funiculi
624 293 844 342 aliquantum
869 294 989 340 juvare
1010 294 1114 342 possit
1129 323 1138 337 ‚
1174 294 1274 332 nihili
1300 295 1371 332 hoc
1392 303 1510 333 tamen
1533 309 1706 346 compen-

126 354 228 392 dium
252 353 295 391 ad
318 352 561 390 incredibilem
591 352 807 390 celeritatem
823 352 891 395 est,
922 364 991 401 qua
1018 352 1166 390 musculi
1198 362 1402 402 operantur.
1480 355 1575 392 Cum
1607 359 1705 393 enim

127 424 216 461 aqua
251 424 313 460 per
346 411 600 449 adtratlionem
637 405 679 448 in‘
709 410 911 448 funiculum
943 410 1062 448 subeat
1088 412 1124 448 &
1157 411 1365 455 adscendat‚
1401 416 1555 450 omnino
1586 423 1623 451 ut
1651 416 1707 451 in-

125 478 180 507 ter
204 472 319 519 gittea
348 470 451 518 plana
480 470 688 513 adscendit,
723 476 782 506 aut
807 470 843 505 in
868 469 1089 515 saccharum3
1124 482 1309 519 nunquam
1336 471 1476 519 potest,
1519 471 1580 508 nisi
1609 472 1705 510 lente

125 529 164 566 id
180 529 252 565 fieri
267 557 275 570 ,
312 540 395 566 cum
414 530 555 566 intortae
572 529 788 565 &intricatae
811 529 873 565 viae
888 527 953 564 {int
969 557 977 570 ‚
1002 539 1063 576 per
1081 540 1166 576 quas
1181 540 1269 577 aqua
1283 529 1392 571 subit,
1417 542 1533 578 neque
1555 543 1591 567 ea
1606 533 1703 579 prius

126 585 370 624 adtrastricem
403 588 476 624 vim
507 588 653 635 alicujus
681 586 849 623 elementi
883 586 985 623 solidi
1012 588 1206 635 percipiat,
1259 587 1321 623 nifi
1355 588 1502 636 quando
1535 591 1704 637 proxima

126 646 195 688 est,
230 654 289 682 aut
310 645 463 682 omnino
504 645 699 683 secundum
734 645 822 681 alios
848 645 1030 693 contigua.
1111 644 1206 683 Vide
1228 657 1334 694 quam
1387 646 1481 683 lente
1514 649 1547 683 in
1587 650 1707 684 uncia-

125 703 196 741 lem
228 703 378 741 sacchari
400 705 647 753 pyramidem:
683 705 720 740 in
746 703 949 754 funiculum
991 704 1168 740 uncialem
1202 716 1291 753 aqua
1330 704 1458 741 subeat.
1537 703 1637 743 Dum
1671 705 1708 742 id

126 764 227 814 spatii
268 775 358 811 aqua
388 763 535 812 relegit,
573 763 671 801 causa
714 769 836 800 motus
882 762 1087 817 mnuscularis
1127 774 1246 799 1000.
1285 763 1318 799 δι
1358 760 1448 801 ultra
1489 764 1596 813 pedes
1626 776 1706 813 per-

102 854 105 855 r
125 825 236 862 currit
269 822 356 871 (f).

185 882 290 920 Subit
323 887 443 919 autem
460 892 551 930 aqua
567 879 739 923 celerius,
770 880 917 928 quando
935 890 1086 928 corpora
1105 878 1190 916 fleca
1216 879 1295 916 sunt
1312 907 1321 922 ‚
1356 892 1373 916 a
1400 881 1530 928 quibus
1559 879 1712 917 adtrahi-

124 951 200 986 tur;
243 943 303 977 vix
332 940 550 989 quidquam,
599 938 940 988 quandohumesta.
1007 938 1148 975 Nostrae
1183 937 1278 974 fibrae
1312 940 1436 990 utique
1471 939 1607 989 semper
1639 940 1706 977 hu-

123 999 245 1037 met'tae
281 998 368 1036 sunt.

183 1057 321 1095 Intorta
351 1056 506 1104 denique
534 1055 646 1104 figura
676 1053 844 1094 fibrarum
872 1054 1038 1093 nondum
1066 1061 1160 1092 certa
1175 1057 1248 1102 (g)
1280 1055 1354 1098 est,
1388 1055 1423 1092 &
1449 1055 1537 1092 mihi
1566 1056 1710 1094 videtur

125 1117 246 1167 potius
275 1127 294 1154 a
323 1113 498 1152 cellulofis
534 1114 600 1151 filis
635 1116 708 1162 ejus
755 1114 887 1164 species
919 1112 1039 1155 nasci,
1088 1123 1166 1163 quae
1190 1113 1246 1150 fila
1275 1115 1423 1151 minima
1460 1115 1698 1153 circumstant⁶

546 1225 576 1267 §.
610 1220 648 1261 X
659 1220 723 1259 XI
737 1220 751 1258 I
765 1221 789 1260 I.
874 1220 1024 1260 Rhombi
1058 1220 1272 1258 Stenonicmi.

181 1332 296 1372 Etiam
325 1332 401 1369 haec
426 1329 564 1369 theoria
594 1330 762 1369 haetenus
792 1329 836 1367 ad
875 1330 1045 1367 fabricam
1074 1327 1223 1367 musculi
1254 1328 1417 1378 pertinet.
1499 1327 1556 1367 Est
1589 1337 1710 1368 autem

123 1390 380 1443 simplicissima.
449 1390 663 1436 Quemlibet
691 1401 823 1438 nempe
858 1389 1080 1431 musculum,
1115 1390 1161 1425 ait
1192 1389 1245 1425 vir
1278 1388 1329 1425 lll.
1353 1394 1453 1436 putat
1470 1391 1645 1437 componi
1665 1401 1710 1426 ex

124 1451 267 1490 duobus
291 1450 525 1493 tendinibus,
560 1461 676 1498 exque
692 1450 826 1486 carneis
850 1448 972 1491 fibris,
1015 1459 1093 1496 quae
1124 1446 1294 1495 obliquos
1324 1458 1407 1484 cum
1446 1454 1601 1496 utroque
1633 1456 1711 1485 ten-

124 1510 208 1547 dine
237 1510 391 1559 angulos
422 1506 684 1557 faciant(h)‚
720 1509 756 1544 in
787 1509 889 1544 omni
920 1508 1075 1544 omnino
1105 1505 1316 1543 animalium
1345 1506 1577 1554 genere(i).

182 1569 294 1607 Nunc
328 1569 473 1606 mutatis
506 1569 576 1605 istis
622 1564 786 1616 angulis,
832 1567 868 1602 &
899 1566 1095 1612 majoribus
1122 1564 1244 1607 factis,
1289 1565 1411 1601 omnia
1446 1564 1544 1613 sequi
1587 1571 1708 1603 motus

124 1627 314 1666 musculofi
340 1626 578 1676 phaenomena
596 1625 698 1673 (le);
727 1636 810 1661 nam
847 1625 883 1660 &
914 1625 1117 1660 breviorem
1135 1650 1144 1665 ,
1182 1623 1217 1659 &
1254 1623 1488 1660 tumidiorem
1528 1623 1603 1660 fieri
1630 1637 1710 1662 mu-

122 1682 285 1729 sculum,
321 1686 357 1722 &
392 1684 556 1722 tendines
584 1683 730 1720 adtrahi.

183 1745 273 1782 Non
316 1744 383 1781 fuit
426 1743 559 1791 absque
600 1740 807 1791 sequacibus
843 1736 961 1786 (W)
997 1738 1181 1787 ingeniosa
1211 1739 1439 1786 conjectura,
1500 1740 1536 1777 &
1568 1746 1710 1790 poterat
1742 1740 1756 1752 '

126 1803 232 1843 etiam
260 1803 302 1840 iis
328 1801 485 1850 adJuvari
505 1829 515 1843 ,
551 1808 630 1850 quae
655 1811 724 1836 nos
749 1799 794 1836 de
812 1798 1062 1836 fasciculorum
1091 1799 1127 1834 in
1154 1796 1322 1836 musculis
1341 1798 1679 1847 intercostalibus(l
1690 1801 1707 1845 )

125 1875 189 1912 per
220 1861 328 1912 ipsam
364 1860 541 1897 actionem
561 1887 570 1902 ,
610 1859 844 1896 contortione
872 1858 908 1894 &
942 1857 1139 1904 majoribus
1170 1867 1254 1894 cum
1277 1856 1382 1894 costis
1417 1857 1557 1904 angulis
1585 1865 1711 1907 protu-

126 1921 245 1960 limus.
311 1919 381 1958 Sed
404 1920 511 1957 etiam
551 1917 742 1966 Stephanus
775 1916 882 1955 ΗΜ,
903 1928 951 1953 Es
974 1917 1020 1970 in
1055 1927 1148 1954 ranae
1186 1915 1373 1960 musculo,
1423 1927 1533 1966 quem
1568 1916 1648 1954 luce
1672 1919 1709 1954 in

844 1974 878 2013 Z
908 1986 930 2012 z
961 1986 984 2012 z
1053 1985 1071 2020 3
1624 1974 1710 2013 foco
