1967 2682
239 136 280 167 11
653 120 1399 169 PRAEFATIO.

345 218 393 261 lia
419 230 511 273 ergo
533 216 621 257 milri
649 216 809 259 dolendi
838 216 944 260 causa
964 218 1045 260 fuit.
1096 218 1303 262 Traducor
1331 222 1381 262 ab
1414 218 1490 263 AL
1507 230 1602 262 BIN
1619 230 1650 262 Ο
1700 233 1829 262 coram

243 278 429 325 tribunal,
450 280 487 318 &
512 278 619 325 hujus
635 306 643 316 .,
680 291 764 317 cum
797 291 877 332 quo
905 278 1022 326 vivo,
1046 275 1155 319 seculi
1178 309 1189 327 ,
1233 281 1271 320 ὃς
1298 294 1455 325 eorum,
1493 294 1575 334 quae
1605 277 1821 333 sequentur.

248 335 409 378 Accusor
425 366 435 383 ,
467 337 573 390 quod
603 333 672 375 PR
687 347 726 377 ΛΞ
742 346 804 376 Cr:
819 346 842 375 P
861 347 1062 378 TOREM
1083 367 1092 385 ,
1124 339 1245 378 virum
1281 338 1391 379 laude
1407 340 1622 378 anatomica
1661 339 1828 378 maxime

241 393 485 449 conspicuum
500 425 508 439 ,
547 396 764 436 vexaverim
789 399 806 443 (
826 409 847 435 2
866 398 885 444 >
903 425 912 440 ,
940 397 1253 449 provocaverirm
1288 397 1397 450 quod
1418 399 1453 437 ei
1470 395 1660 450 subripere
1681 397 1742 435 lim
1761 410 1825 437 co-

242 467 350 496 natus
386 454 537 497 inventa
570 450 657 495 surm
705 453 812 506 quod
845 454 1076 507 improbanti
1121 455 1278 497 ridicule
1321 456 1451 495 laudes
1496 469 1597 495 meas
1636 456 1828 496 voluerim

243 525 499 568 extorqueam
530 511 638 566 quod
674 512 711 551 in
739 525 782 553 ea
807 524 889 553 tota
919 512 985 554 lite
1013 515 1275 568 praevaricatus
1306 515 1369 554 sun
1397 514 1499 555 mille
1529 514 1668 554 modis.

302 619 424 662 Nunc
457 615 599 674 possum
632 618 788 673 gradum
817 633 943 660 meum
972 620 1007 660 in
1027 622 1181 662 civitate
1211 620 1307 662 tueri
1328 651 1337 669 ‚
1380 621 1445 662 etfi
1472 635 1549 661 non
1580 618 1655 661 sum
1672 633 1830 674 magnus

243 677 460 721 Profe-etot:
505 679 600 717 tueri
645 692 822 731 nequeo,
866 679 888 717 fi
921 679 1086 734 ingratus
1113 678 1215 728 sum,
1250 680 1274 720 ri
1306 680 1445 727 fallax,
1482 680 1506 719 ίί
1536 680 1734 719 cavillator
1757 709 1767 726 ‚
1804 678 1830 718 fi

244 734 455 779 insidiosus.
519 735 637 778 Odio
671 737 763 777 mihi
798 737 876 778 vita
905 736 1006 779 foret
1044 751 1155 786 mea,
1193 737 1218 779 fi
1260 739 1452 791 ejusmodi
1489 737 1650 780 haberer
1684 751 1705 778 a
1726 737 1830 791 justis

242 796 448 849 judicibus.

305 902 481 956 Oportet
506 916 623 958 ergo,
656 906 694 944 &
727 901 967 945 consentiunt
994 905 1139 954 amici,
1175 901 1306 948 meum
1336 905 1431 948 tueri
1467 917 1638 946 nomen:
1689 904 1839 945 nolunt·

243 976 305 1004 me
329 961 431 1002 lilere
453 992 463 1009 ,
501 976 573 1008 ne,
600 976 682 1016 quae
707 964 766 1004 irae
801 961 869 1004 suae
904 962 1136 1007 ALBINO
1164 962 1418 1020 persuaserunt
1446 965 1481 1004 in
1517 978 1577 1005 me
1602 963 1757 1013 dicere,
1784 974 1829 1003 ea

245 1033 427 1076 tanquam
456 1020 754 1076 irrefragabilia,
792 1036 876 1064 reus
910 1022 1095 1065 confeffus
1115 1054 1126 1071 ,
1162 1038 1253 1066 vera
1286 1022 1357 1065 effe
1370 1025 1503 1080 patiar,

305 1127 482 1183 Oportet
513 1141 642 1169 autem
672 1129 723 1171 ita
754 1144 815 1171 me
837 1131 958 1179 tucri,
994 1144 1034 1172 ut
1073 1146 1122 1173 ne
1145 1129 1347 1173 obliviscar
1382 1130 1578 1186 nunquam
1619 1129 1822 1185 deponen-

245 1187 302 1229 dae
323 1184 487 1242 personae
513 1184 707 1242 discipuli:
743 1202 781 1229 ut
811 1203 859 1230 ne
888 1191 1176 1232 venerationem
1195 1220 1205 1237 ‚
1237 1205 1351 1246 quam
1386 1203 1471 1231 cum
1502 1186 1676 1229 universo
1704 1189 1830 1229 litera-

245 1258 370 1287 torum
397 1259 510 1287 coetu
543 1244 694 1290 VIRO
724 1246 939 1290 SUMMO
972 1250 1125 1298 debeo,
1165 1250 1213 1290 de
1250 1250 1371 1290 oculis
1391 1262 1558 1302 unquam
1582 1246 1694 1287 finam
1713 1247 1828 1287 dece-

244 1304 348 1346 dere.
412 1303 542 1346 Grave
572 1321 666 1347 vero
698 1309 736 1345 ὅ(
756 1307 914 1348 arduum
945 1309 1024 1357 est,
1066 1310 1180 1349 etiam
1207 1323 1285 1348 non
1331 1308 1511 1354 dolenti,
1561 1307 1674 1347 etiam
1703 1304 1830 1360 frigidi

243 1361 431 1418 sanguinis
454 1364 624 1412 homini,
657 1368 696 1405 δε
718 1378 889 1406 avertere
912 1366 1138 1421 graviffimas
1162 1364 1416 1408 accusationes
1433 1395 1443 1414 ‚
1493 1370 1530 1405 ἃς
1566 1365 1614 1405 ab
1651 1365 1757 1404 omni
1788 1364 1828 1404 in

246 1419 494 1462 adversarium
525 1423 730 1463 acrimonia
753 1424 957 1465 abstinere:
1001 1428 1152 1479 gravius
1187 1426 1306 1473 mihi,
1354 1425 1413 1465 cui
1442 1436 1570 1463 natura
1602 1420 1826 1464 sentientem

245 1481 413 1535 apprime
444 1481 611 1525 animum
647 1482 756 1522 dedit
773 1511 783 1529 ,
821 1495 861 1523 ut
881 1496 1014 1538 aptum
1031 1485 1174 1530 amori,
1194 1485 1244 1524 ita
1264 1483 1363 1535 justo
1379 1482 1507 1523 dolori
1534 1480 1826 1536 penetrabilem.

304 1585 545 1629 conandum
576 1588 627 1628 est
655 1600 806 1637 tamen,
848 1592 886 1630 &
915 1587 1078 1632 studiose
1109 1590 1332 1632 enitendum
1351 1619 1362 1639 ‚
1411 1600 1453 1629 ut
1503 1601 1630 1629 meum
1663 1586 1823 1642 quidem

247 1646 342 1687 boni
372 1646 440 1686 viri
461 1646 618 1701 gradum
651 1647 864 1691 vindicem;
904 1645 1031 1697 suum,
1068 1646 1172 1704 supra
1197 1663 1333 1691 omnes
1373 1648 1482 1700 hujus
1507 1643 1617 1688 seculi
1651 1643 1827 1687 incisores

191 1735 196 1744 ,
245 1704 438 1760 positum,
485 1702 709 1758 ALBI,NO
742 1707 921 1747 intantum
964 1707 1190 1762 relinquam.
1252 1707 1366 1756 Brevi
1396 1720 1491 1747 vero
1520 1706 1654 1746 libello
1688 1703 1736 1745 ad
1766 1705 1827 1744 in-

245 1762 348 1820 figne
376 1764 562 1806 volumen
591 1761 864 1818 respondebo,
909 1779 994 1806 cum
1025 1780 1150 1821 neque
1182 1767 1304 1806 otium
1350 1765 1442 1806 mihi
1489 1764 1558 1812 fit,
1596 1776 1723 1818 neque
1768 1762 1825 1802 vi-

247 1822 381 1870 deam,
410 1822 504 1878 quid
541 1823 703 1877 publicae
736 1824 907 1864 utilitatis
938 1839 984 1866 ex
1018 1826 1213 1866 minutiori
1249 1828 1285 1864 &
1317 1838 1381 1879 per
1410 1823 1550 1878 singula
1592 1819 1734 1863 curiosa
1759 1820 1826 1861 de-

244 1879 414 1922 fensione
452 1880 492 1920 fit
515 1881 738 1922 rediturum.
791 1881 928 1934 Quare
955 1885 1141 1924 continuo
1165 1884 1385 1932 ostendam,
1425 1885 1462 1923 δε
1485 1880 1658 1929 dudum,
1690 1883 1728 1920 δε
1760 1893 1825 1919 an-

245 1951 284 1980 te
317 1939 430 1979 ullam
461 1940 631 1981 umbram
665 1939 905 1986 offensionis,
962 1940 1238 1986 ALBINUM
1273 1956 1332 1983 me
1372 1941 1480 1981 omni
1513 1939 1711 1980 occasione
1754 1935 1826 1976 suis

244 1996 400 2054 pressisse
435 1997 548 2039 odiis.
601 1995 762 2040 Deinde
791 2014 853 2040 me
889 2014 974 2040 cum
1011 1997 1157 2041 summo
1189 2000 1335 2042 doloris
1375 1999 1634 2040 moderamine
1669 1994 1826 2050 respon-

240 2054 359 2097 diss'e:
393 2055 561 2111 denique
601 2058 638 2097 in
668 2059 890 2099 anatomicis
937 2059 1009 2102 illis
1048 2060 1349 2116 quaestionibus,
1399 2056 1494 2114 quid
1527 2056 1610 2097 vitii
1639 2055 1734 2097 meis
1765 2068 1825 2098 re-

249 2115 323 2156 bus
344 2112 478 2165 sublit,
507 2129 702 2171 exponere
726 2117 913 2158 conabor.

1634 2220 1824 2264 Facillima

293 2376 360 2416 (2)
381 2376 461 2410 LV.
485 2383 596 2419 p-136.
