1905 2640
219 154 301 196 258
472 144 598 184 LIB.
635 144 681 184 X.
745 143 1125 185 CEREBRUM
1168 144 1245 184 ET
1289 144 1516 186 NERVI.

219 243 395 286 alterum,
431 242 467 279 &
497 243 590 279 inter
615 247 810 290 utrumque
839 242 1003 279 arteriam
1045 241 1280 279 vertebralem
1323 240 1423 279 fuisse
1453 242 1696 291 interceptam.
1756 241 1799 281 In

217 303 415 342 secundum
442 302 619 349 ganglion
656 301 728 337 vidi
766 300 947 338 surculum
983 314 1000 338 a
1027 301 1201 350 phrenico
1239 300 1333 338 ivisse
1364 301 1454 349 (i),
1501 302 1538 337 in
1578 303 1752 340 utrumvis
1780 314 1800 340 a

220 371 374 411 quarto,
416 368 475 398 aut
515 362 668 409 quinto,
709 360 957 402 cervicalium,
1001 372 1265 410 nonnunquam
1320 360 1419 398 radix
1455 360 1618 403 accedit,
1667 361 1749 398 alias
1779 372 1798 398 a

217 429 371 464 neutro,
405 420 550 469 quando
575 421 597 456 ii
626 422 725 456 nervi
749 419 791 456 ad
827 419 941 467 ipsum
977 419 1184 457 trunculum
1209 420 1472 458 intercostalem
1493 421 1653 457 veniunt.

201 524 203 527 ι
276 480 329 517 Ex
365 491 409 518 eo
445 480 594 528 gang'io
638 479 741 516 multi
788 479 936 528 quidem
972 479 1016 515 ad
1062 490 1125 516 cor
1151 479 1232 526 (k)
1279 480 1396 521 nervi,
1448 480 1483 516 δι
1529 479 1571 515 ad
1615 490 1801 517 recurren-

217 547 289 577 tem
309 539 570 587 (l)truncum
599 539 777 580 tendunt,
813 538 919 586 aliqui
938 545 1056 574 tamen
1074 566 1083 580 ,
1125 549 1242 587 neque
1268 539 1382 587 pauci,
1407 566 1416 581 ,
1467 539 1568 576 variis
1585 539 1702 577 modis
1732 541 1799 575 cir-

217 611 256 636 ca
281 597 528 648 thyreoideam
560 597 721 635 arteriam
752 598 785 634 ἃ
809 597 1042 634 vertebralem
1060 597 1175 645 (m),
1232 598 1268 634 ἃ
1292 609 1420 634 venam
1460 599 1722 645 cognominem
1751 598 1798 635 la-

218 669 334 708 queos
366 658 522 699 faciunt,
558 657 706 695 demum
734 658 825 693 circa
858 656 1071 694 subclaviam
1100 650 1207 707 ipsam
1226 684 1234 698 ‚
1268 656 1355 694 dum
1388 655 1431 694 ad
1452 658 1619 704 interiora
1646 658 1797 706 originis

216 719 421 755 communis
443 718 655 764 utriusque,
693 727 800 764 quem
833 715 934 757 dixi,
983 717 1069 752 rami
1100 717 1134 752 in
1177 714 1352 764 ganglion
1385 716 1557 753 cervicale
1597 717 1711 754 imum
1745 728 1798 752 re-

215 778 357 818 deunt,
415 775 573 813 variabili
605 775 730 812 modo.
794 773 922 811 Ansam
951 774 1022 811 vidi
1053 774 1229 824 triplicem
1249 803 1257 817 ‚
1307 787 1390 812 cum
1411 781 1479 812 tres
1509 777 1597 812 rami
1617 778 1684 824 (n)
1716 782 1800 812 ante

213 838 377 873 arteriam
398 863 407 877 ‚
441 841 511 871 tres
555 846 652 884 pone
673 846 749 872 eam
782 833 1048 871 descenderent.
1115 833 1243 871 Earum
1268 833 1427 872 ansarum
1475 834 1591 884 aliqua
1628 842 1799 884 perpetua

214 896 263 932 est
283 894 391 942 (0),
416 894 451 930 &
479 893 697 932 subclaviam
719 894 904 936 arteriam,
941 894 1046 931 etiam
1071 892 1190 943 priscis
1208 891 1280 944 (p)
1308 905 1384 930 non
1405 894 1675 942 ignorantibus,
1709 901 1798 931 tam-

213 966 321 1003 quam
354 954 483 1001 laqueo
512 954 685 991 continet.

273 1012 360 1049 Haec
397 1021 516 1049 tamen
561 1013 642 1049 alias
681 1011 760 1049 ansa
810 1023 855 1048 ex
892 1011 1041 1060 ganglio
1083 1012 1158 1049 imo
1195 1013 1334 1055 oritur,
1389 1012 1499 1062 inque
1536 1012 1651 1050 imum
1694 1011 1797 1049 redit,

209 1071 305 1110 Alias
329 1069 564 1109 intercostaiis
597 1079 745 1109 truncus
775 1071 819 1108 ad
847 1079 1010 1120 quartam
1036 1072 1246 1120 quintamve
1278 1072 1479 1109 vertebram
1512 1071 1597 1108 colli
1635 1070 1797 1113 finditur,

209 1131 247 1169 &
280 1142 398 1169 ramus
437 1131 525 1168 aiter
553 1131 729 1180 ganglion
751 1130 926 1168 cervicale
958 1130 1120 1169 medium
1152 1130 1266 1172 facit,
1300 1130 1388 1168 alter
1410 1132 1524 1169 imum
1546 1131 1634 1178 (q).

552 1243 585 1285 ἓ.
631 1237 805 1277 XLIII.
888 1237 1064 1286 Ganglion
1095 1238 1268 1278 cervicale
1299 1239 1468 1288 infimum.

267 1348 351 1387 Sive
385 1354 533 1386 truncus
574 1349 675 1386 nervi
718 1345 952 1386 intercostalis
997 1358 1041 1386 ex
1074 1349 1179 1386 ramis
1230 1347 1368 1398 ganglii
1405 1347 1586 1387 cervicalis
1622 1347 1793 1392 secundi,

207 1421 301 1459 quos
333 1407 492 1445 diximus
511 1436 521 1449 ‚
558 1406 750 1446 renascitur
771 1408 875 1456 (r),
912 1407 981 1444 five
1004 1406 1075 1457 ipse
1101 1407 1145 1445 ad
1175 1407 1353 1456 ganglion
1380 1408 1554 1446 cervicale
1583 1409 1698 1446 imum
1728 1410 1797 1445 im-

208 1478 366 1507 mutatus
395 1467 568 1510 advenit,
605 1474 782 1517 perpetuo
812 1474 907 1505 certe
944 1479 1042 1516 pone
1067 1468 1230 1504 arteriam
1266 1467 1522 1510 vertebralem,
1567 1469 1603 1505 in
1634 1466 1798 1518 processu

209 1526 407 1565 transverso
422 1528 592 1563 vertebrae
612 1526 778 1577 septimae‚
800 1528 908 1575 inque
921 1528 1043 1575 primae
1060 1526 1164 1564 costae
1177 1526 1349 1564 nascentis
1368 1526 1457 1570 finu,
1482 1528 1517 1564 ἃ
1530 1538 1795 1576 nonnunquam

205 1587 243 1624 in
270 1585 431 1624 secundae
451 1584 595 1633 planitie
624 1585 732 1633 paulo
768 1587 922 1622 exterius
936 1590 1044 1633 quam
1074 1597 1159 1622 cum
1171 1586 1342 1623 vertebris
1361 1586 1613 1628 committitur,
1645 1593 1799 1624 truncus
1821 1614 1825 1617 1

204 1642 443 1684 inteacostalis
463 1645 499 1680 in
512 1655 709 1692 magnum,
737 1644 952 1689 rotundum,
976 1645 1084 1682 breve
1110 1642 1204 1694 (s),
1240 1651 1348 1682 tenax
1378 1645 1413 1682 ἂι
1430 1642 1587 1684 validum
1619 1644 1797 1694 ganglion

1678 1712 1797 1742 muta-

244 1860 310 1896 (i)
331 1858 363 1889 L.
384 1855 460 1888 vm.
491 1867 578 1897 p.9r.
610 1857 686 1888 conf.
707 1857 839 1888 W'mus
863 1867 890 1896 p.
911 1861 976 1896 342.
1000 1863 1020 1888 t.
1036 1867 1062 1893 9.
1084 1859 1106 1889 Β.

245 1900 315 1937 (le)
341 1900 369 1930 L.
388 1898 437 1929 1V.
461 1909 488 1937 p.
510 1908 576 1936 359.
614 1900 783 1930 Axnsasen
801 1922 809 1936 ,
841 1899 898 1930 tab.
929 1899 1000 1938 thyr.
1019 1908 1054 1940 φ.

242 1941 298 1977 (l)
328 1940 360 1971 L.
384 1939 476 1970 VIIII.
501 1950 528 1978 p.
546 1949 613 1978 407.

243 1981 523 2019 (m)W11,1,is
551 1992 577 2018 p.
598 1989 665 2018 342.
687 1987 705 2011 t.
725 1990 750 2016 9·
776 1996 804 2013 π,

242 2022 308 2060 (n)
339 2021 420 2052 Pinxi
441 2023 498 2052 tab.
518 2023 587 2059 thyr
612 2029 673 2051 ant.
691 2031 718 2057 φ.
736 2037 765 2059 χ.
820 2021 937 2053 Habent
956 2022 1187 2052 Wmstow
1213 2027 1322 2059 1:483,
1364 2021 1546 2053 Wizrrs
1573 2022 1607 2052 ad
1622 2032 1650 2060 Ξ.
1674 2033 1701 2062 p.
1724 2032 1795 2060 34?-

200 2064 442 2093 WALTHER
477 2064 635 2101 progr.cit.
663 2072 830 2100 p.m.92¹.
887 2063 1154 2094 Sennissnnr,
1183 2071 1272 2102 p.13.
1310 2063 1626 2095 Sruxazssxtab.
1651 2075 1677 2103 ς.
1714 2065 1793 2095 Axii..

199 2106 272 2134 lares
288 2103 420 2141 amplecti
452 2104 540 2134 Lan
560 2114 630 2135 cis.
660 2104 675 2134 1.
691 2113 715 2134 c.
741 2113 768 2141 p.
788 2114 852 2143 109.

240 2145 305 2182 (ο)
334 2146 592 2175 AanRscn.

238 2185 303 2224 (p)
330 2185 622 2221 Vnussnmo,
654 2186 893 2217 XleLLrsio.

238 2228 306 2267 (q)
330 2226 373 2256 lta
399 2226 458 2256 fere
478 2225 741 2256 Vrssusans.

238 2270 301 2304 (r)
327 2268 576 2297 Auossssea.
607 2267 679 2297 Tab.
709 2266 782 2304 [hyr.
811 2272 869 2297 ant.

239 2309 298 2348 (s)
325 2306 505 2346 Pudengum
533 2308 844 2343 ΕυετΑεΗιυε,
868 2317 884 2337 a
902 2316 927 2346 7.
946 2307 991 2337 ad.
1017 2317 1044 2338 2.
1068 2307 1229 2338 vertebram
1255 2313 1274 2338 t.
1293 2314 1337 2346 18.
1363 2308 1381 2340 f.
1398 2318 1426 2341 2.
1454 2313 1474 2340 t.
1490 2318 1535 2350 ¹9·
1571 2308 1661 2341 Breve
1679 2308 1734 2340 LA
1751 2317 1792 2339 Ν·

197 2360 270 2381 εις.
295 2351 327 2380 rie
351 2349 491 2389 venustae
503 2358 559 2388 par
584 2349 641 2380 tab.
661 2359 683 2381 ι,
709 2348 743 2386 Q.
760 2348 803 2388 Y.‚
821 2358 878 2379 non
901 2358 1040 2388 magnum
1069 2350 1240 2382 Wums
1267 2352 1302 2381 Θ.
