1895 2650
726 139 1135 180 INDEX.
1647 145 1724 186 583

181 232 298 263 iienales
779 241 840 268 pag.
859 234 912 268 263
994 236 1024 260 ut
1046 230 1144 266 pleura
1464 238 1467 242 ·
1588 238 1650 267 pag,
1670 238 1730 266 ²90

109 295 112 299 .
182 273 305 310 liepatici
327 271 394 301 varii
765 272 834 303 ibid.
858 276 915 307 264
992 272 1179 309 peritonaeum
1652 270 1721 299 ibid.

143 322 192 351 47.
219 311 322 342 Plexus
335 311 536 342 Mesentericus
553 310 699 351 supremus
854 316 912 348 2⁶4
992 312 1190 340 mediastinum
1653 310 1721 341 ibid.

139 359 188 389 48.
215 354 315 383 Plexus
327 352 426 382 renalis
770 356 836 389 264.
854 357 908 389 265
991 351 1192 388 Respondetur
1206 350 1241 381 ad
1254 351 1423 381 contrariam
1443 349 1611 380 sententiam
1653 350 1723 381 ibid.

280 393 460 431 spermaticus
851 394 911 431 265
990 393 1100 423 Cornea
1115 391 1191 421 oculi
1204 392 1367 421 membrana
1382 391 1515 422 insensilis
1529 393 1567 421 est
1662 400 1699 427 ²9
1709 400 1720 421 t

137 443 187 469 49.
221 451 300 458 ——
322 431 511 463 Melbcolicus
756 433 825 464 ibid.
853 437 908 464 266
949 442 996 464 ιι.
1026 433 1136 462 Viscera
1149 443 1247 470 parum
1265 432 1392 462 sentiunt
1622 460 1625 463 .
1663 441 1720 467 292

139 484 186 510 ςο.
319 474 531 512 hypogastricus
757 479 825 505 266.
851 479 908 510 2⁶7
950 483 996 504 12.
1034 474 1106 511 Quae
1126 483 1193 510 ergo
1210 482 1302 511 partes
1319 472 1439 502 sentiant
1651 472 1720 503 ibid.

137 523 184 551 51.
207 514 284 545 Finis
304 514 581 544 nerviintercostalis
765 518 834 552 267.
850 518 907 550 268
986 513 1063 544 Num
1075 515 1183 544 arteriae
1650 513 1719 543 ibid.

986 554 1078 584 Sentit
1093 555 1170 587 cutis
1661 563 1720 592 293

281 592 302 627 S
330 592 357 627 E
371 591 412 626 *C
439 591 470 627 T
497 592 513 627 Ι
539 592 574 626 O
626 590 660 626 V
686 591 702 626 Ι
729 591 754 626 1.
986 597 1013 625 &
1029 596 1200 625 membranae
1212 596 1237 624 ei
1255 594 1399 624 continuae
1649 595 1718 625 ibid.

980 636 1078 667 sensus
1094 636 1171 666 unde
1183 636 1274 665 acrior
1333 669 1335 671 ¹
1646 635 1716 666 ibid.

130 677 446 711 PHAENOMENA
477 678 565 713 VIVI
589 677 778 720 CEREBRI.
831 681 904 719 269
983 677 1018 707 ab
1032 684 1115 707 aetate
1126 676 1297 706 diminuitur
1657 686 1717 714 ²⁹4

944 724 990 756 13.
1007 718 1085 755 Quid
1100 717 1201 747 sentiat
1211 717 1239 746 in
1251 725 1339 747 nervo
1647 717 1714 747 ibid.

170 757 272 788 Sensus
831 758 898 789 ibid.
982 759 1050 789 Non
1065 758 1241 788 membranae
1572 757 1630 788 ibid
1657 767 1712 793 ²95

131 807 158 829 ι.
180 799 260 836 Quid
279 799 312 829 lit
828 800 901 832 ibid.
982 800 1039 830 Sed
1058 798 1184 829 medulla
1195 798 1252 828 sola
1645 798 1713 830 ibid.

170 840 281 869 Nervus
302 839 386 869 sentit
759 845 827 878 ²⁶9·
843 851 903 879 ²70
942 850 987 877 14-
1017 840 1095 870 Num
1110 840 1204 869 anima
1219 839 1321 868 sentiat
1337 838 1366 867 iii
1382 843 1462 875 parte
1482 848 1652 877 quacunque

128 889 156 909 2.
183 880 250 910 Non
264 881 359 910 omnia
372 880 443 910 adeo
461 880 489 909 in
504 889 623 918 corpore
635 880 761 912 sentiunt
844 890 897 918 271
1018 881 1159 917 'corporis
1174 902 1183 916 ‚
1220 890 1282 917 quae
1306 878 1501 918 impressiones
1519 889 1651 911 externas

167 930 234 950 cum
247 931 304 950 non
316 921 421 958 ubique
436 922 516 951 nervi
530 921 582 951 sint
830 922 899 953 ibid.
1033 922 1138 959 patitur
1569 931 1635 959 295.
1654 924 1713 959 296

130 967 156 998 3.
181 961 247 990 ossa
270 971 327 991 non
347 955 479 991 sentium*
843 972 900 1001 272
980 961 1038 999 Qui
1056 962 1208 992 adfirmant
1652 970 1711 998 29»,-

167 1001 278 1032 Sentire
301 1001 415 1039 posl'unt
441 1002 521 1032 nervi
543 1001 643 1033 ossium
663 1002 833 1033 medullares
982 1001 1188 1040 Experimenta
1217 1001 1359 1031 contraria
1651 1006 1710 1040 296

752 1044 820 1074 ibid.
837 1053 893 1082 273
973 1043 1087 1074 Nervus
1123 1043 1223 1080 ligatus
1255 1050 1304 1073 aut
1329 1041 1451 1074 resectus
1470 1041 1545 1072 tollit
1574 1043 1635 1078 eius

123 1091 153 1119 4·
183 1082 330 1113 Tendines
343 1082 484 1113 insensiles
502 1083 566 1114 sunt
838 1094 893 1122 273
1015 1085 1102 1122 partis
1114 1083 1223 1114 sensum
1564 1088 1630 1120 296.
1650 1092 1709 1120 297

165 1123 232 1153 olim
248 1122 347 1161 pallini
366 1124 492 1153 innotuit
505 1124 596 1153 obtusi
616 1123 670 1154 effe
687 1124 779 1155 sensus
824 1125 896 1155 ibid.
974 1125 1061 1154 etiam
1074 1124 1166 1161 plures
1182 1122 1276 1154 sensus
1563 1133 1630 1162 297.
1650 1125 1709 1157 208

164 1165 250 1193 etiam
264 1164 459 1201 chirurgoruni
476 1165 682 1202 experimentis
835 1174 896 1202 274
975 1166 1002 1195 ἂ
1016 1174 1118 1194 omnes
1635 1164 1707 1195 ibid.

164 1206 191 1234 ἃ
207 1214 257 1240 per
269 1205 383 1234 morbos
836 1215 893 1244 275
975 1206 1001 1237 ἁ
1032 1206 1153 1235 redeunt
1178 1204 1263 1234 iidem
1278 1225 1287 1240 ,
1324 1209 1433 1234 remota
1453 1203 1534 1235 causa
1549 1225 1558 1240 ,
1586 1214 1649 1243 quae

163 1251 224 1276 tum
254 1246 333 1283 quod
357 1245 488 1277 tendines
527 1255 632 1277 nervos
662 1256 722 1277 non
762 1247 835 1278 acci·
1021 1245 1185 1285 compressit
1648 1252 1707 1284 298

210 1286 290 1324 piant
823 1287 892 1318 ibid.
934 1296 981 1325 ις.
1005 1287 1090 1318 Porro
1103 1286 1209 1317 cerebri
1231 1285 1299 1316 vitia
1314 1307 1322 1320 ,
1352 1286 1437 1315 etiam
1450 1285 1567 1323 integris
1580 1295 1638 1315 ma-

124 1333 151 1361 ς.
182 1326 314 1365 Denique
328 1337 378 1365 per
395 1327 592 1364 experimenta
606 1328 699 1359 nostra
833 1332 893 1362 276
1020 1327 1154 1358 nentibus
1171 1327 1264 1357 nervis
1275 1348 1282 1361 ‚
1315 1326 1412 1356 delent
1433 1326 1524 1356 sensus
1646 1336 1706 1367 299

162 1368 189 1397 &
207 1368 326 1398 aliorum
341 1368 382 1398 Cl.
400 1370 527 1399 virorum
749 1379 808 1408 277
835 1370 892 1408 278
971 1374 1004 1399 ut
1022 1368 1075 1398 tilia
1098 1376 1196 1398 natura
1220 1367 1252 1397 sit
1270 1367 1357 1397 causae
1376 1378 1391 1397 a
1407 1367 1502 1397 nervis
1517 1366 1643 1398 motricis

162 1409 248 1438 etiam
265 1410 292 1438 in
308 1409 470 1439 hominibus
492 1416 575 1449 capta
752 1416 819 1450 278.
834 1420 892 1447 279
1020 1411 1045 1440 &
1062 1409 1205 1440 facultatis
1219 1407 1366 1438 sentientis
1631 1409 1702 1441 ibid.

120 1453 148 1480 6.
176 1450 325 1480 Contraria
339 1451 436 1488 opinio
834 1453 894 1481 280
970 1449 1063 1481 Etiam
1091 1449 1215 1480 medulla
1235 1448 1349 1486 spinalis
1364 1447 1520 1486 compressa
1532 1447 1641 1479 sensum

159 1491 358 1528 experimenta
370 1491 467 1520 nostris
482 1490 597 1521 adversa
616 1491 644 1521 in
658 1491 775 1523 homine
817 1492 887 1522 ibid.
1018 1491 1092 1521 tollit
1103 1491 1228 1529 partium
1242 1489 1408 1519 inseriorum
1631 1489 1701 1521 ibid.

159 1531 189 1560 in
205 1532 375 1561 animalibus
819 1533 888 1564 ibid.
968 1533 1118 1562 cerebrum
1159 1541 1226 1561 vero
1260 1529 1382 1568 preffum
1413 1539 1514 1560 omnes
1548 1529 1641 1560 sensus

159 1571 295 1602 Rationes
310 1571 395 1602 variae
745 1573 813 1604 ibid.
831 1582 888 1610 281
1015 1573 1108 1603 aufert
1476 1580 1543 1609 300.
1561 1580 1626 1609 301.
1646 1581 1703 1609 302

118 1620 146 1651 7.
178 1613 278 1642 Adeas
290 1613 466 1649 objectiones
479 1612 665 1650 respondetur
831 1621 886 1649 κει
969 1614 995 1643 8<
1015 1614 1131 1643 demum
1144 1611 1275 1650 soporem
1285 1611 1354 1641 facit
1645 1622 1699 1650 301

158 1653 274 1683 Novum
290 1654 394 1683 vulnus
413 1660 508 1683 tamen
525 1654 682 1691 percipitur
818 1655 889 1685 ibid.
968 1661 1028 1683 tum
1059 1654 1173 1691 sanguis
1204 1653 1289 1682 unice
1316 1650 1351 1681 in*
1368 1651 1515 1682 cerebrum
1532 1661 1636 1691 conge-

157 1693 254 1731 stupor
266 1694 294 1723 in
311 1693 513 1731 experimentis
531 1703 588 1722 non
597 1694 688 1724 adfuit
746 1699 782 1728 28
791 1703 812 1724 ι.
829 1695 889 1724 282.
1015 1694 1072 1722 stus
1643 1702 1698 1733 303

157 1735 354 1771 experimenta
368 1733 581 1772 paucafuerunt
821 1734 891 1766 ibid.
969 1735 996 1765 &
1019 1733 1141 1763 redeunt
1164 1731 1257 1763 sensus
1291 1742 1324 1762 ea
1354 1731 1494 1771 pressione
1527 1740 1639 1764 remota

157 1775 270 1804 Animal
288 1776 373 1805 etiam
396 1774 504 1811 absque
518 1773 636 1804 vulnere
650 1775 775 1812 queritur
831 1781 886 1810 283
1557 1783 1624 1813 303.
1642 1784 1700 1813 304

157 1815 246 1845 Nervi
260 1816 287 1845 in
303 1815 510 1853 experimentis
523 1814 574 1844 laefi
589 1815 652 1845 sunt
741 1821 812 1854 ²83.
831 1822 890 1855 284
930 1814 973 1846 16.
999 1814 1101 1845 Sensus
1117 1815 1143 1844 62
1155 1813 1236 1844 dolor
1253 1813 1375 1851 sequitur
1392 1813 1445 1844 iter
1455 1815 1535 1844 nervi
1642 1824 1700 1853 304

158 1855 316 1886 Adversarii
342 1856 426 1885 nimis
449 1855 564 1893 largiter
580 1857 644 1886 sunt
658 1855 695 1885 usi
706 1858 824 1886 venenis
967 1856 1080 1886 Nervus
1092 1855 1219 1885 dolorem
1234 1855 1301 1884 facit
1315 1877 1322 1891 ‚
1347 1864 1432 1892 quein
1445 1864 1524 1885 mens
1538 1865 1638 1893 ampu-

205 1897 340 1927 chemicis
369 1915 371 1917 -
830 1897 890 1934 284
1014 1904 1074 1926 tato
1088 1899 1157 1926 artui
1177 1896 1274 1925 tribuit
1641 1905 1696 1934 305·

155 1936 244 1967 Nulla
264 1938 291 1966 in
306 1937 463 1969 verioribus
475 1938 680 1976 experimentis
703 1936 826 1976 synipto-
927 1946 975 1969 17.
997 1938 1076 1968 Num
1093 1938 1171 1967 sedes
1185 1936 1277 1967 sensus
1289 1935 1359 1966 sitin
1373 1936 1556 1974 nieningibus
1642 1940 1699 1975 306

205 1985 279 2007 mata
294 1979 442 2009 tendinum
459 1979 582 2009 laefiones
595 1978 688 2009 secuta
703 1978 767 2009 sunt
816 1979 884 2009 ibid.
966 1979 1170 2016 Experimenta
1184 1977 1397 2007 adfirmantium
1553 1977 1612 2008 ibid
1642 1987 1697 2016 307

115 2022 143 2052 8.
170 2017 334 2056 Ligamenta
345 2018 407 2049 sunt
419 2020 556 2050 insensilia
828 2020 884 2055 285
966 2019 1062 2048 Morbi
1640 2021 1698 2057 306

155 2058 202 2088 Ad
215 2060 410 2093 experimenta
424 2061 563 2091 contraria
582 2059 724 2098 responlio
826 2061 887 2095 286
966 2060 1169 2097 Experimenta
1184 2060 1212 2089 iri
1233 2059 1305 2089 vivis
1316 2058 1484 2089 animalibus
1639 2068 1696 2097 ³07

115 2107 141 2135 9.
172 2099 340 2129 Periostdum
353 2101 391 2130 est
401 2101 530 2132 insensile
746 2105 813 2137 286.
828 2102 884 2139 287
927 2103 972 2132 18.
1002 2101 1203 2135 Experimenta
1220 2101 1274 2130 istis
1290 2101 1430 2130 contraria
1623 2100 1693 2131 ibid.

156 2139 356 2175 Experimenta
603 2140 609 2145 '
826 2143 885 2179 287
964 2142 1070 2172 Duram
1081 2142 1243 2179 meningem
1258 2141 1366 2172 dudum
1381 2149 1482 2171 notum
1499 2139 1552 2171 fuit
1566 2163 1574 2177 ,
1594 2150 1652 2170 non

155 2179 356 2218 Respondetur
377 2182 412 2212 ad
431 2182 609 2218 objestiones
827 2189 885 2218 288
1011 2183 1094 2212 valde
1112 2182 1212 2212 sentire
1638 2187 1696 2218 308

154 2220 345 2252 Perieraniu'm
361 2224 446 2254 etiam
458 2222 553 2252 sensile
569 2223 658 2254 visum
676 2222 715 2253 est
825 2229 884 2261 ²89
963 2223 1075 2254 Doloris
1088 2224 1189 2261 capitis=
1199 2222 1251 2252 alia
1267 2223 1356 2262 potest
1378 2221 1454 2252 sedes
1470 2220 1532 2251 esse.
1624 2222 1697 2254 ibid.

157 2262 281 2298 &quate
815 2264 882 2296 ibid.
963 2264 996 2294 ln
1032 2265 1104 2294 vivis
1122 2264 1292 2294 animalibus
1316 2263 1377 2294 laesu
1409 2263 1538 2292 dolorem
1562 2272 1623 2293 non

116 2309 163 2332 10.
200 2302 266 2333 Aiiae
293 2303 379 2334 etiam
412 2304 583 2336 membranae
608 2304 750 2336 insensiles
772 2303 834 2335 sunt
1003 2305 1071 2334 facit
1638 2312 1693 2340 309

729 2350 796 2384 289.
809 2346 884 2386 seqq.
962 2355 1056 2383 neque
1077 2345 1104 2374 in
1123 2345 1286 2376 hominibus
1623 2343 1693 2374 ibid.

966 2386 1100 2417 Eece
1143 2395 1160 2417 2
1599 2383 1694 2415 Causae
