1895 2650
568 110 871 152 SECTIII.
953 112 1254 154 CAUSAE.
1590 115 1665 155 529

720 225 754 266 ἓ,
792 221 877 259 ΙΧ.
941 221 1030 258 Alia.

149 330 279 367 Febres
311 329 353 378 ab
384 329 509 365 animae
536 328 688 377 imperio
705 326 773 376 (f)
802 330 884 366 cieri
910 331 1041 379 absque
1073 330 1147 368 ullo
1176 330 1353 380 produsto
1373 327 1580 366 testimonio
1613 325 1665 362 di-

93 390 205 430 citur,
239 389 290 426 uti
315 399 430 435 neque
461 386 600 424 crifium
635 389 670 423 iu
705 388 889 425 voluntate
906 390 981 436 (g)
1025 391 1176 437 potestas
1211 391 1278 430 est,
1330 401 1447 437 neque
1489 387 1664 423 excretio-

92 459 205 489 num,
236 458 280 483 ne
304 446 371 482 alvi
399 445 544 494 quidem
562 473 570 487 ,
611 458 719 494 quam
749 446 873 484 frustra
905 447 1070 485 musculis
1097 449 1302 485 abdominis
1320 458 1488 495 urgemus
1508 473 1516 487 ‚
1555 456 1665 494 quan-

91 505 140 543 do
185 512 308 542 motus
345 505 577 555 peristalticus
605 506 639 541 in
675 506 853 553 principio
886 506 1039 543 febrium
1076 515 1257 544 acutarum
1299 505 1409 543 cessat.
1474 502 1666 542 Ostensum

85 563 134 601 est
162 564 204 600 ab
234 563 332 605 anis,
389 575 497 611 quam
544 564 747 611 praeposteri
779 561 855 610 (h)
899 565 1059 613 plerique
1104 568 1138 602 in
1194 565 1328 602 morbis
1383 571 1503 601 motus
1563 560 1657 603 fint,

91 633 183 671 quos
219 634 263 658 ex
287 620 381 659 seciae
402 634 524 659 amore
553 623 678 658 animae
710 623 881 661 tribuunt.
966 622 1036 660 Eos
1067 624 1184 661 cordis
1215 623 1360 673 quidem
1409 624 1573 659 incitatos
1611 627 1668 656 tu-

89 680 251 723 multus,
289 680 439 722 medici,
487 688 662 729 quantum
693 682 728 717 in
759 681 839 731 ipsis
863 682 911 719 est
931 710 939 724 ‚
975 695 1073 720 venae
1110 683 1262 720 sectione
1282 710 1291 723 ,
1328 682 1529 718 laxantibus
1556 677 1669 714 medi-

90 738 282 785 camentis3
316 738 584 782 convulfiones‚
635 736 771 789 semper
798 740 1034 784 frustraneas,
1068 741 1194 779 iisdem
1230 741 1396 779 remediis
1429 739 1568 788 &opio
1590 735 1670 788 sup-

89 800 244 848 primere
275 805 466 846 coguntur.

150 856 279 894 Motus
314 856 522 906 sympathici
548 856 605 894 alii
632 869 676 894 ex
708 858 876 907 praesente
910 858 954 896 ad
983 870 1162 907 organum
1194 858 1340 896 stimulo
1374 859 1565 902 oriuntur3
1611 857 1668 894 alii

91 928 110 953 a
140 916 271 952 stimuli
301 917 337 952 in
383 916 531 953 cerebro
554 917 715 964 vestigio.
782 917 883 955 Illius
919 918 1065 967 quidem
1079 920 1219 966 generis
1248 917 1454 965 exemplum
1485 916 1586 953 estin
1609 929 1672 953 co-

92 974 160 1010 lica
183 973 406 1022 nephritica,
435 975 582 1022 quando
613 977 770 1012 vomitus
801 977 915 1014 cietur
939 976 1126 1013 occafione
1158 976 1290 1013 stimuli
1322 976 1364 1012 ad
1390 984 1566 1013 ure-:terem
1597 974 1668 1011 fixi,

93 1031 226 1070 Eadem
267 1031 325 1069 hie
369 1031 488 1074 fiunt,
541 1044 618 1082 quae
657 1033 740 1070 ahbi
787 1035 824 1070 in
868 1036 1063 1082 majoribus
1103 1046 1299 1072 nervorum
1336 1033 1669 1076 sollicitationibus,

93 1103 224 1139 nempe
247 1090 525 1138 convulfio(i)
552 1103 570 1128 a
595 1093 745 1141 proprio
777 1105 891 1130 nervo
923 1094 970 1131 ad
1000 1095 1138 1130 vicinos
1158 1122 1167 1136 ‚
1214 1095 1250 1130 ὃς
1288 1105 1476 1130 connexos
1519 1104 1667 1134 nervos,

95 1150 132 1186 ὃς
164 1149 311 1187 demum
338 1149 381 1186 ad
403 1161 530 1186 omnes
565 1149 760 1198 spargitur,
811 1151 959 1200 quando
994 1152 1178 1190 fortissima
1211 1153 1269 1188 est.
1332 1151 1484 1189 Nullum
1520 1151 1579 1188 hic
1609 1162 1673 1188 vo-

92 1207 237 1246 luntatis
268 1207 481 1255 vestigium,
516 1207 575 1245 sed
606 1207 816 1247 neceffarius
848 1212 948 1247 nervi
985 1223 1004 1248 a
1028 1222 1141 1248 nervo
1171 1211 1295 1248 irritati
1325 1209 1523 1247 consensus.

153 1267 194 1305 In
240 1266 352 1304 altero
389 1266 581 1316 exemplo,
622 1275 662 1305 ut
694 1269 729 1305 in
755 1270 896 1306 vomitu
936 1281 955 1307 a
994 1282 1031 1307 re
1059 1270 1154 1319 turpi
1189 1277 1293 1312 nato,
1323 1269 1392 1306 alvi
1422 1269 1603 1306 laxatione
1629 1280 1674 1306 ex

96 1325 223 1364 odioso
254 1325 545 1368 medicamento,
582 1325 739 1375 sequitur
768 1339 898 1377 corpus
930 1328 1129 1367 humanum
1157 1327 1274 1376 legem
1303 1327 1550 1365 adsociationis
1580 1327 1676 1364 idea-

95 1385 300 1432 rumClc);
335 1385 371 1421 δε
411 1385 540 1422 eodem
571 1385 686 1422 modo
728 1387 826 1434 agit,
879 1388 931 1425 uti
969 1387 1116 1437 quidem
1148 1393 1322 1425 renovato
1345 1386 1473 1424 dolore
1507 1386 1675 1423 lacrumae

94 1444 339 1482 suboriuntur.
414 1443 515 1480 Nihil
546 1443 605 1481 hic
639 1444 816 1482 voluntati
843 1445 981 1490 simile,
1030 1447 1066 1483 &
1105 1447 1211 1484 unice
1242 1448 1278 1483 in
1314 1446 1465 1494 vestigio
1493 1444 1581 1483 ideae
1615 1450 1676 1482 aut

95 1501 302 1544 fastidiosae,
342 1508 403 1539 aut
435 1503 565 1546 tristis,
602 1504 743 1541 roboris
773 1504 820 1541 est
848 1504 923 1542 saris
942 1533 951 1547 ‚
987 1512 1026 1543 ut
1048 1513 1171 1542 motus
1200 1505 1286 1549 inde
1314 1504 1422 1541 iidem
1458 1504 1672 1553 sequantur,

96 1563 158 1611 qui
193 1574 211 1598 a
247 1561 439 1609 praesente,
481 1562 516 1598 &
549 1563 706 1599 nuncin
738 1575 805 1600 nos
834 1570 962 1613 agente
988 1564 1131 1611 objeffiio
1155 1564 1407 1614 sequerentur,
1444 1575 1488 1600 ex
1511 1575 1585 1612 quo
1617 1574 1678 1601 ve-

97 1620 391 1668 stigiumnatum
418 1619 477 1656 est.
541 1620 673 1669 Neque
705 1624 864 1661 vomitus
885 1622 1109 1660 voluntarius
1139 1623 1208 1664 est,
1260 1635 1377 1673 neque
1403 1622 1474 1671 ipse
1503 1621 1616 1660 fletus.

158 1679 307 1716 Sensum
349 1677 542 1715 obscurum
569 1678 706 1717 causam
731 1679 818 1722 effe,
865 1692 928 1718 cur
973 1692 1037 1718 cor
1086 1688 1299 1724 moveatur,
1350 1688 1411 1719 aut
1439 1681 1674 1723 intestinum,

99 1736 229 1775 dicitur
261 1742 387 1775 contra
419 1734 652 1775 certiffimum
683 1737 836 1780 testem,
873 1737 1011 1777 sensum
1036 1738 1151 1788 ipsum
1172 1737 1257 1791 (l).
1333 1738 1454 1777 Video
1473 1768 1482 1782 ‚
1521 1750 1589 1776 nos
1616 1751 1680 1776 ne-

1503 1797 1680 1847 gligentes

100 1978 121 2008 B
141 1936 207 1975 (g)
243 1936 359 1967 Naturae
385 1935 462 1967 nulla
482 1932 614 1967 voluntas
633 1936 671 1967 est
689 1946 754 1968 cum
786 1937 895 1977 semper
927 1937 1030 1969 eodem
1050 1939 1162 1975 modo,
1212 1939 1241 1968 ἃ
1269 1938 1376 1977 absque
1404 1937 1521 1969 confilio
1547 1943 1676 1977 operetur

128 1987 242 2007 ARKER
267 1987 295 2015 p.
309 1986 356 2012 25.

143 2017 212 2054 (h)
236 2018 373 2048 Bane-sa
398 2019 431 2047 de
452 2024 551 2049 natur.
573 2019 662 2048 morb.
696 2020 793 2049 medic.
830 2030 858 2058 p.
875 2028 926 2057 47.
975 2020 1117 2050 BARKER
1147 2019 1165 2050 l.
1180 2029 1204 2049 c·
1247 2019 1303 2050 Sed
1323 2020 1446 2050 fatentur
1460 2018 1675 2049 STAHLrANx

103 2060 130 2089 δι
159 2068 258 2088 eorum
276 2059 383 2096 aliqui,
413 2059 448 2089 ad
467 2060 591 2089 animam
617 2069 652 2090 ex
678 2060 798 2090 ΛυΑΜι
829 2060 907 2097 lapsu
933 2061 1107 2100 degenerem
1130 2061 1277 2095 referunt,
1307 2061 1382 2091 conf.
1417 2061 1604 2090 PERRAULT
1637 2061 1679 2089 du

101 2100 213 2128 toucher
239 2109 262 2136 p.
283 2100 418 2136 114-.&C.
467 2099 590 2131 STAHL
619 2101 655 2130 de
681 2103 769 2132 anim.
793 2112 879 2132 error.
902 2104 973 2132 med.
1024 2102 1154 2133 Mamm
1174 2111 1229 2131 von
1251 2102 1304 2131 den
1337 2098 1561 2141 Wechfilfiebcrn
1585 2111 1612 2139 p.
1627 2110 1676 2139 90.

105 2140 293 2170 SAUVAr-‚Es
316 2140 352 2169 de
369 2140 460 2169 anim.
473 2142 566 2177 imper.
590 2151 617 2171 n.
635 2151 682 2171 20.

142 2180 210 2216 (i)
234 2180 263 2210 L.
280 2180 317 2210 X.
351 2190 377 2216 p.
397 2188 462 2216 334.
508 2181 590 2212 Conf.
613 2182 771 2212 Banna
803 2193 830 2221 p.
851 2192 918 2222 334.

143 2220 213 2257 (k)
236 2220 278 2250 De
299 2230 332 2250 ea
353 2220 457 2252 dicitur
478 2221 508 2251 L.
524 2222 618 2253 xvu.

143 2260 199 2298 (l)
223 2260 342 2292 Erronea
367 2263 394 2292 &
419 2262 575 2300 periculosa
596 2273 653 2295 vox
674 2263 713 2295 est
727 2285 736 2301 ,
772 2265 918 2305 perceptio
944 2266 974 2296 in
996 2265 1109 2298 afflone
1133 2265 1237 2297 stimuli
1251 2275 1278 2296 v.
1301 2264 1419 2297 Genus
1451 2274 1479 2303 p.
1495 2272 1542 2304 43·
1558 2272 1607 2302 44·

162 2353 286 2393 Haller
316 2354 504 2405 Phyfiolog.
568 2356 676 2396 Tom.
710 2357 786 2398 IV.
1192 2357 1234 2398 X
1263 2370 1289 2397 x
1317 2369 1343 2398 x
