1849 2680
187 239 355 272 aestimatum
384 238 412 268 in
437 237 537 276 pullo,
573 236 621 274 qui
645 246 702 267 ovo
728 235 858 267 contine·

235 289 279 311 tur
452 281 458 301 V
773 286 834 314 pag⁴
860 280 914 310 481

186 325 215 352 in
235 331 309 359 equo
325 320 436 351 cursore
769 317 836 347 ibid.
856 322 916 354 482

187 363 306 393 homine
856 358 916 391 482

188 413 258 434 cane
846 397 916 428 ibid.

186 444 331 474 literarum
347 440 585 480 pronunc³atione
855 445 914 475 483

186 485 293 514 Volatu
857 479 916 510 ibid

146 528 193 556 26.
225 524 323 554 Robur
339 522 541 552 contraetionis
559 519 720 551 musculosae
845 518 912 548 ibid.

186 565 288 595 Obiter
306 564 471 593 aestimatum
855 560 917 597 484

186 605 359 642 Torpedinis
376 604 495 633 effeetus
769 605 840 635 484·
856 606 912 636 485

186 645 383 677 Accuratiores
414 643 515 674 calculi
540 643 575 673 de
602 640 732 672 musculis
754 641 854 671 defini-

228 688 263 717 tis
847 680 915 711 ibid.

186 726 313 758 Maxillae
330 725 469 755 inferioris
859 724 918 758 486

186 766 389 798 Extensoribus
404 765 520 794 femori3
775 762 841 793 ibid.
860 769 917 799 4537

187 808 341 838 flexoribus
358 807 431 836 tibiae
858 809 918 840 487

185 847 388 879 Fxtensoribus
402 845 474 875 dorsi
772 844 841 881 487.
858 849 917 878 488

185 889 298 919 Brachii
312 887 445 917 musculis
858 889 917 919 488

187 932 214 959 &c
227 930 310 959 unius
323 928 403 965 digiti
845 925 915 954 ibid.

188 972 214 1000 &
229 969 400 999 insectorum
846 965 914 995 ibid.

146 1020 193 1048 27.
220 1010 275 1041 Sed
294 1007 432 1042 musculi,
460 1016 545 1043 quam
562 1006 702 1045 impendit
721 1005 761 1036 vis
779 1027 787 1042 ,
815 1015 877 1036 non

235 1057 294 1080 tota
314 1049 448 1078 effectum
465 1048 576 1077 sortitur
859 1051 918 1081 489

189 1101 214 1121 ι.
242 1091 288 1121 Ob
305 1089 465 1118 distantiam
483 1088 615 1125 ponderis
626 1087 660 1116 ab
671 1085 878 1124 hypomochlio

233 1141 291 1160 non
316 1130 461 1159 faventem

146 1178 194 1208 28.
219 1182 245 1201 2.
271 1171 317 1201 Ob
333 1170 466 1208 angulum
484 1178 570 1206 quem
584 1167 727 1198 musculus
742 1176 808 1197 cum
822 1166 880 1198 offe

233 1212 402 1248 intercipit,
431 1209 616 1240 cuiinseritur
862 1217 921 1243 490

186 1254 243 1283 alio
258 1252 346 1282 modo
357 1252 535 1281 Bonum-s
553 1248 763 1287 contemplatus
780 1248 819 1279 est
860 1258 917 1287 491

147 1303 194 1332 29.
227 1303 252 1330 3.
279 1292 326 1323 Ob
347 1291 502 1329 angulum,
546 1300 631 1328 quem
659 1290 735 1320 sibrae
759 1288 877 1319 musculi

236 1343 302 1364 cum
320 1333 437 1362 tendine
451 1332 638 1367 intercipiunt
769 1340 836 1365 49¹-
861 1339 919 1367 492

148 1384 191 1414 30.
240 1384 266 1411 4.
305 1373 351 1404 Ob
388 1372 552 1402 firmitatem
584 1372 656 1402 vec‘ti
687 1371 870 1408 praestandam

150 1465 196 1494 31.
236 1467 259 1491 ς.
284 1455 330 1486 Ob
353 1452 489 1485 incessum
514 1451 600 1491 super?
624 1452 732 1491 aliquot
749 1420 917 1482 arigius-93

228 1498 323 1526 tiones
778 1501 846 1532 493.
860 1503 920 1528 494

150 1547 194 1577 32.
227 1537 417 1567 Decrementa
443 1544 501 1564 non
517 1544 582 1565 vera
860 1543 921 1568 49⁴

189 1578 235 1608 Ob
256 1578 337 1607 situm
356 1576 436 1611 super
451 1576 558 1606 flexum
570 1573 722 1604 articulum
862 1582 922 1611 394

150 1627 197 1657 33.
233 1618 280 1647 Ob
311 1626 461 1646 numerum
491 1615 674 1645 vesicularum
702 1614 869 1643 interiorum

770 1663 837 1690 494·
856 1660 913 1690 493

147 1708 195 1738 34.
230 1697 363 1728 Mensura
379 1696 479 1727 virium
493 1694 619 1725 musculo
638 1692 827 1731 impensarum
847 1700 878 1722 ut

228 1739 351 1768 sumatur
775 1741 844 1771 495.
859 1736 917 1779 496

189 1779 309 1810 Accedit
322 1777 552 1816 superpondium.
861 1773 921 1802 ibid

187 1820 237 1849 Vis
258 1819 372 1849 relativa
392 1827 459 1847 num
475 1816 601 1847 aestimari
617 1814 702 1852 possit
860 1817 921 1848 496

189 1860 355 1897 Amplitudo
368 1866 462 1888 motus
483 1867 498 1887 a
513 1857 693 1894 longitudine
862 1863 921 1892 497

149 1909 195 1940 35.
223 1900 319 1937 Quare
344 1899 484 1935 ejusmodi
504 1898 686 1928 decrementa
712 1895 814 1926 virium
833 1903 882 1924 na-

235 1948 297 1970 tura
315 1939 456 1970 admiserit
860 1943 920 1973 497

188 1981 256 2018 quia
269 1981 396 2010 celeritas
407 1981 436 2009 in
447 1985 526 2009 motu
535 1976 730 2016 requirebatur
850 1975 918 2006 ibid.

188 2024 214 2052 ἃ
237 2020 395 2059 amplitudo
859 2022 918 2053 498

189 2065 216 2092 ἃ
249 2069 324 2092 artus
350 2059 500 2098 oportebat
526 2065 628 2089 trunco
665 2058 788 2088 minores·
823 2055 887 2124 esi}

188 2148 349 2179 teretesque
847 2097 918 2169 ibid.

149 2184 197 2222 36.
223 2182 401 2212 Adminicula
412 2186 504 2210 motus
519 2178 710 2210 musculorum
753 2179 823 2215 498.
842 2177 917 2216 seqq.

189 2223 350 2260 Aliquando
382 2221 526 2252 musculus
555 2220 667 2259 longius
684 2220 717 2249 ab
736 2219 878 2259 hypomo-

238 2263 313 2292 chlio
326 2262 454 2292 inseritur
858 2268 916 2294 499

191 2303 278 2332 Causa
295 2303 491 2332 faciendorum
505 2300 683 2339 processuum
848 2299 917 2329 ibid.

189 2344 216 2374 ἃ
230 2343 331 2376 ossium
345 2343 580 2375 sesamoideorum
860 2347 918 2379 500

775 1132 842 1164 489-
861 1135 920 1165 490
963 1170 969 1175 ⁹

770 137 1160 183 INDEX.

996 240 1027 265 ut
1059 243 1088 264 er
1102 232 1187 271 ipsam
1205 233 1291 265 vitam
1310 232 1397 264 robur
1413 232 1525 267 crescat-

959 281 1002 312 37.
1057 273 1109 305 nsae
1123 274 1232 306 ollium.
1272 273 1480 306 Troelmnteres

996 314 1142 346 Claritulae

1672 245 1725 270 <or

1652 275 1724 307 ibid.

1664 324 1721 352 502

958 360 1002 394 38.
1033 355 1145 391 Vaginae
1168 354 1356 387 musculorum
1370 355 1521 396 longorum
1578 365 1643 392 502.
1663 365 1718 396 503

996 395 1195 434 inscriptiones*
1663 405 1718 436 503

958 446 1002 475 39.
1033 437 1212 475 Pinguedinis
1228 436 1332 468 utilitas
1579 437 1644 469 ibid.
1663 445 1722 476 504

996 479 1022 508 Sc
1040 477 1185 509 bursarum
1664 485 1723 519 504

953 527 1000 557 40.
1027 519 1170 549 cristarum
1193 519 1438 556 cartilaginearum
1649 518 1721 552 ibid.

995 559 1178 597 Cartilagines
1211 559 1397 597 ligamentofae
1430 561 1504 590 inter
1528 560 1671 591 vertebra-

1043 599 1082 629 les
1663 608 1719 638 505·

996 639 1099 669 humor
1118 640 1275 671 articularis
1648 640 1720 671 ibid.

955 689 1004 719 41.
1037 680 1186 711 Trochleae
1651 681 1721 711 ibid.

997 722 1064 750 varii
1086 723 1196 759 generis
1650 721 1720 751 ibid.

996 762 1083 791 etiam
1117 762 1280 792 convexitas
1306 761 1391 800 partis
1417 761 1535 798 alicujus
1560 772 1611 801 pro
1624 767 1681 792 tro-

1042 801 1124 832 chlea
1139 801 1194 833 esse
1208 803 1296 841 potest
1665 800 1724 840 506

996 842 1128 873 trochleae
1147 843 1308 882 compositae
1652 842 1722 872 ibid.

955 890 1002 921 42.
1036 883 1113 912 Vires
1132 882 1327 914 musculorum
1339 883 1498 922 compositae
1653 882 1723 913 ibid.

995 924 1182 961 Antagouistae
1667 932 1723 960 507

996 972 1026 994 ut
1061 965 1102 994 vis
1135 964 1252 995 nervosa
1287 973 1385 995 eorum
1421 965 1563 995 aetionem
1592 970 1683 994 mutet
1695 1003 1712 1032 d

1652 1004 1691 1035 ibi
1715 1023 1724 1031 .

996 1053 1064 1073 num
1081 1044 1164 1082 possit
1180 1044 1215 1074 de
1228 1045 1256 1075 vi
1266 1045 1346 1075 inlita
1357 1044 1472 1075 demere
1628 1048 1630 1050 '
1666 1049 1724 1079 508

997 1085 1064 1114 Non
1079 1086 1189 1114 videtur
1653 1084 1722 1115 ibid.

997 1124 1247 1162 Antagonistarum
1263 1126 1350 1155 altero
1366 1125 1527 1159 destructo,
1545 1126 1586 1156 vis
1606 1125 1684 1156 insita

1043 1166 1165 1195 alterum
1184 1167 1325 1195 inmotum
1339 1168 1394 1195 ciet
1668 1173 1726 1203 509

956 1215 1005 1245 43.
1049 1207 1129 1235 Vires
1160 1206 1316 1237 multorum
1348 1205 1540 1238 musculorum
1567 1216 1683 1246 compo-

1045 1247 1099 1276 sitae
1669 1253 1728 1285 509

998 1287 1078 1318 Vires
1106 1287 1228 1318 duorum
1256 1287 1448 1318 musculorum
1464 1287 1493 1317 in
1508 1288 1687 1327 diagonalem

1045 1328 1159 1367 planam
1175 1329 1382 1359 consentientes
1419 1364 1422 1367 .
1667 1335 1728 1364 510

998 1371 1026 1400 6<
1040 1369 1125 1398 trium
1145 1370 1170 1398 in
1182 1369 1361 1408 diagonalem
1380 1366 1460 1399 solidi
1647 1369 1727 1398 ibid.

998 1418 1030 1440 ut
1047 1419 1081 1439 ex
1104 1410 1137 1439 iis
1165 1411 1311 1449 principiis
1324 1418 1418 1440 motus
1435 1408 1584 1439 nascantur
1610 1418 1688 1440 com-

1052 1450 1133 1489 positi
1152 1460 1157 1483 ι
1671 1456 1726 1486 ςιι

957 1501 1004 1528 4⁴-
1036 1492 1167 1521 Actiones
1191 1490 1382 1521 musculorum
1406 1496 1551 1521 mutantur
1567 1500 1601 1521 ex
1625 1500 1687 1529 par-

1045 1533 1115 1561 tium
1128 1531 1279 1562 solidarum
1291 1539 1396 1563 mutata
1409 1532 1541 1561 firmitate
1670 1539 1728 1567 512

997 1572 1136 1609 Exempla
1670 1579 1727 1609 5¹2

999 1615 1026 1642 δε
1048 1614 1122 1641 aetio
1143 1612 1263 1641 musculi
1276 1613 1380 1650 prioris
1401 1611 1521 1642 aetionis
1545 1611 1686 1642 contraria

1044 1652 1211 1688 producitur
1657 1649 1727 1680 ibid.

995 1692 1123 1727 Uterque
1153 1692 1238 1721 etiam
1268 1691 1332 1721 finis
1366 1700 1572 1730 nonnunquam
1605 1701 1670 1722 mo-

1046 1739 1129 1762 vetur
1672 1740 1727 1770 513

1120 1808 1410 1845 SECTIO
1461 1809 1566 1845 111.

959 1895 1124 1930 MOTUS
1145 1895 1443 1938 MUSCULARIS.
1485 1894 1650 1930 CAUSAE
1671 1894 1731 1929 Er

1169 1944 1508 1984 SCATURIGiNES.

960 2035 984 2055 r.
1005 2024 1154 2055 Omittitur
1174 2024 1253 2055 causa
1275 2023 1387 2055 elateris
1672 2034 1730 2062 514

997 2067 1025 2095 ἀ
1037 2067 1081 2094 vis
1093 2066 1268 2095 contractius
1283 2073 1402 2095 mortuae
1656 2065 1727 2095 ibid.

959 2116 983 2136 z.
1013 2105 1099 2135 causa
1114 2115 1205 2135 motus
1222 2106 1292 2135 inliti
1657 2105 1730 2134 ibid.

998 2146 1042 2177 Est
1054 2149 1168 2184 propria
1191 2145 1307 2176 musculi
1322 2145 1442 2183 potestas
1671 2156 1684 2181 ς
1695 2152 1729 2182 ις

1000 2187 1146 2224 Perpetim
1161 2187 1219 2223 agit
1238 2194 1286 2217 aut
1297 2186 1410 2217 occulta
1669 2195 1683 2222 ς
1694 2192 1728 2223 ις

997 2236 1046 2258 aut
1061 2226 1212 2264 conspicua
1678 2233 1727 2263 515

959 2277 980 2306 3.
1009 2267 1097 2298 Sedes
1110 2268 1217 2305 partitae
1231 2268 1271 2298 vis
1291 2266 1377 2298 infitae
1673 2269 1729 2299 516

996 2309 1022 2340 δι
1045 2314 1162 2340 mortuae
1659 2305 1730 2335 ibid.
