1885 2650
232 161 309 202 528
540 153 659 194 ΜΒ.
700 153 778 192 XI.
823 128 1088 193 'MOT'US
1139 151 1505 192 ANIMALI‘s.

220 249 397 287 voluntati
429 249 625 292 obnoxiae,
660 261 847 297 nunquam
881 249 912 285 ei
937 249 1082 286 arbitrio
1107 248 1271 285 desinunt
1301 248 1456 296 obsequi.
1530 244 1684 289 Mfflies,
1719 259 1801 285 cen.

224 310 288 345 ties
314 310 440 345 millies
466 308 637 345 mittimus
655 336 663 350 ‚
697 309 792 344 nulla
820 308 897 344 idea
927 310 1052 344 animae
1070 307 1241 357 impressa.
1305 308 1372 343 Sed
1399 305 1580 355 possumus
1624 314 1742 343 tamen
1764 309 1801 344 &

221 369 403 404 advertere
432 369 620 408 animum,
665 365 687 402 fi
716 367 853 414 placet,
902 375 941 402 ut
986 366 1215 402 uitiationem
1247 365 1448 406 sentiamus,
1483 366 1517 401 ὃς
1551 365 1723 402 abstinere
1749 367 1803 402 ni-

221 426 374 468 chuido,
421 427 455 462 ἃ
488 425 616 461 nictare
651 434 777 472 praeter
814 431 977 472 tempus,
1010 424 1081 461 sola
1131 425 1366 472 experimenti
1398 423 1505 460 causa.
1586 422 1646 460 Ille
1670 423 1803 470 gladia-

219 492 277 521 tor
299 484 391 531 (d)
427 495 538 520 vanos
568 491 688 519 motus
709 484 870 520 intentati
899 482 935 518 in
964 482 1089 520 oculos
1112 482 1220 530 gladii
1248 482 1420 518 didicerat
1445 482 1605 529 superare
1624 509 1632 522 ‚
1673 494 1803 530 nempe

220 543 385 584 volebat,
427 544 461 578 &
490 541 561 592 ipse
588 551 755 589 expertus
785 543 885 578 tertia
923 542 1092 588 quintave
1126 544 1202 578 vice
1230 540 1380 587 praestiti.
1456 540 1609 577 Infantes
1644 552 1719 577 non
1749 543 1802 577 ni-

215 602 307 638 dhnt
327 629 336 642 ,
376 602 457 649 quia
484 613 557 636 non
589 608 755 638 metuunt
785 627 794 641 ,
829 601 942 648 ignari
959 599 1117 648 periculi.
1180 598 1248 636 Sed
1281 600 1314 635 δι
1345 597 1423 647 ipsis
1450 598 1494 635 ad
1515 598 1632 636 lucem
1651 598 1802 637 multam

219 660 355 708 pupilla
387 661 568 696 connivet.

274 718 371 765 Ergo
402 719 496 755 nulla
530 716 752 754 consuetudo
780 716 908 759 ficiet,
960 723 998 754 ut
1033 729 1120 759 cor,
1161 715 1262 765 quod
1292 716 1535 753 voluntarium
1565 717 1603 752 in
1638 715 1711 753 fetu
1745 715 1798 754 cl,

221 778 287 814 viri
320 776 417 814 fuisse
452 775 604 817 volunt,
642 787 741 812 nunc
772 775 905 812 desinat
938 776 1114 813 voluntati
1140 775 1296 812 obedire.
1378 775 1633 816 Ostendimus,
1681 774 1798 812 multo

219 842 383 883 tempore
418 835 606 875 horarum,
659 834 825 876 dierum,
872 846 1076 875 annorum,
1131 835 1351 882 interruptos
1380 832 1477 871 fuisse
1511 833 1628 870 cordis
1656 840 1796 871 motus:

219 893 473 942 peristalticum
509 903 649 929 motum
678 895 783 929 nobis
813 892 891 940 ipsis
919 892 1098 940 saepillime
1134 893 1369 940 interrumpi,
1423 895 1460 929 in
1497 892 1709 929 animalibus
1736 903 1800 941 pet

220 952 379 989 hiemem
422 953 686 989 dormientibus
716 952 835 989 multis
866 951 1045 988 mensibus
1077 952 1218 989 nullum
1250 949 1336 996 esse3
1377 951 1412 987 δε
1439 950 1537 987 iridis
1574 952 1611 986 in
1645 950 1798 988 obscuro
1826 989 1828 991 ,

221 1022 371 1053 carcere,
413 1011 447 1047 δε
473 1011 574 1058 penis
605 1012 641 1046 in
660 1010 753 1046 casto
783 1009 932 1046 homine
951 1037 960 1051 ,
995 1018 1054 1046 aut
1083 1009 1234 1046 animale
1263 1022 1282 1046 a
1309 1009 1525 1047 feminarum
1557 1008 1800 1061 conspeetu&

221 1071 396 1106 memoria
427 1068 594 1109 excluso,
632 1070 715 1105 totis
733 1070 832 1105 annis
855 1069 994 1105 nullum
1029 1077 1170 1105 motum
1204 1066 1279 1105 else.

278 1127 385 1165 Nulla
404 1126 704 1164 fuitconsuetudo
719 1155 727 1167 ‚
764 1128 864 1162 annis
887 1128 1031 1173 integris
1049 1155 1059 1169 ,
1100 1127 1195 1163 nulla
1213 1125 1431 1167 fuitcordis,
1461 1125 1584 1168 iridis,
1606 1125 1793 1163 intestino-

220 1198 324 1236 rum,
345 1188 443 1235 penis
473 1186 573 1222 ειέὶίο.
603 1186 702 1222 Adde
717 1185 859 1221 animali
879 1185 1035 1222 calorem
1053 1213 1062 1225 ‚
1082 1185 1235 1221 aes'tzitem
1254 1214 1261 1226 ‚
1280 1196 1408 1232 aquam
1426 1183 1556 1225 solam,
1585 1183 1700 1221 lucem
1718 1213 1727 1226 ,
1748 1185 1800 1222 ci-

224 1246 311 1282 bum
329 1273 337 1287 ,
368 1245 509 1281 feminae
527 1243 727 1295 adspectum
740 1272 749 1286 ,
773 1243 902 1280 redibit
920 1251 1039 1280 motus
1058 1243 1116 1279 ille
1133 1243 1252 1280 cordis
1271 1271 1279 1283 ,
1311 1243 1483 1285 intestini,
1503 1242 1616 1284 iridis,
1641 1253 1800 1290 organo.

221 1315 302 1341 rum
329 1304 551 1351 genitalium.
620 1302 730 1340 Erunt
757 1311 877 1339 autem
906 1315 945 1340 ea
975 1314 1108 1350 organa
1139 1314 1239 1351 aeque
1281 1301 1532 1350 inobsequiosa
1558 1303 1704 1344 animae,
1758 1313 1799 1339 ac

222 1363 369 1410 quidem
392 1363 427 1398 in
462 1362 566 1398 nobis
594 1361 692 1404 sunt,
726 1362 854 1409 quibus
886 1362 1049 1410 quotidie
1092 1373 1156 1398 cor
1187 1360 1281 1402 salit,
1332 1361 1495 1397 intestina
1540 1368 1694 1409 repunt,
1739 1361 1798 1397 itis
1848 1368 1851 1385 ‘¹

219 1421 263 1458 ad
296 1421 383 1459 lucis
409 1423 501 1458 vices
533 1420 670 1458 laxatur
689 1448 698 1462 ‚
732 1430 791 1457 aut
816 1420 1083 1468 constringitur.
1150 1419 1205 1457 Ad
1232 1419 1354 1456 seeum
1383 1431 1472 1467 ergo
1495 1419 1693 1456 ornandam
1724 1418 1800 1457 haec

221 1482 343 1516 omnia
367 1480 456 1516 diela
483 1479 581 1521 sunt,
622 1490 700 1528 quae
727 1479 772 1516 de
793 1479 1053 1516 consuetudine
1080 1479 1133 1516 Cl.
1170 1480 1236 1515 viri
1276 1479 1519 1527 protulerunt.
1735 1488 1737 1491 ·

263 1539 430 1576 *Aeterna
459 1550 548 1586 ergo
570 1539 649 1585 lege
677 1537 851 1585 separatur
885 1538 1080 1575 voluntatis
1109 1539 1303 1585 imperium
1339 1538 1383 1574 ab
1423 1535 1688 1574 irritabilitatis'
1713 1547 1798 1585 pro-

218 1598 344 1642 vincia.
407 1596 530 1633 Nemo
552 1597 758 1632 mortalium
783 1608 968 1644 unquam,
1018 1596 1094 1633 ullo
1121 1595 1313 1642 exemplo,
1364 1595 1549 1632 voluntate
1578 1594 1634 1632 sua
1667 1603 1727 1632 aut
1757 1595 1796 1631 in

220 1667 307 1697 cor,
331 1662 391 1692 aut
410 1656 447 1691 in
464 1654 682 1695 intestinum,
704 1655 816 1690 autin
835 1653 1074 1691 ventriculum
1089 1682 1099 1696 ,
1129 1660 1189 1690 aut
1220 1654 1258 1689 in
1275 1655 1438 1690 arteriam
1453 1681 1463 1695 ,
1494 1659 1554 1691 aut
1579 1652 1674 1689 aliud
1692 1654 1727 1689 in
1745 1654 1796 1689 vi-

218 1713 286 1751 tale
315 1724 493 1760 organum
522 1713 708 1749 arbitrium
736 1712 894 1748 exercuit
926 1711 1061 1752 ullum,
1086 1723 1211 1759 ¹neque
1238 1723 1300 1748 eos
1331 1718 1451 1748 motus
1478 1710 1534 1748 vel
1570 1709 1723 1748 excitare
1743 1711 1797 1748 di-

217 1771 324 1814 dicit,
356 1772 411 1808 vel
446 1770 646 1812 retardare,
675 1769 727 1806 vel
752 1769 967 1812 accelerare,
1027 1769 1082 1807 vel
1113 1769 1341 1818 supprimere.
1429 1769 1550 1807 Nemo
1585 1769 1795 1807 mortalium

218 1831 255 1867 in
314 1829 480 1867 musculis
508 1829 687 1867 voluntati
716 1829 912 1872 obnoxiis,
956 1827 980 1864 fi
1012 1828 1092 1866 sani·
1113 1828 1284 1870 fuerunt,
1334 1827 1543 1866 defideravit
1567 1827 1791 1877 obsequium,

217 1889 319 1938 quod
348 1887 549 1937 praestarent
579 1888 766 1925 voluntati.
833 1886 903 1924 Eos
928 1899 1056 1925 omnes
1083 1887 1262 1925 musculos
1294 1887 1330 1924 &
1354 1886 1398 1924 ad
1431 1895 1573 1925 motum
1598 1888 1689 1924 ciere
1729 1898 1797 1924 no-

218 1948 335 1985 vimus
362 1959 513 1989 omnes,
551 1947 587 1983 &
614 1948 650 1983 in
679 1953 782 1985 motu
800 1947 966 1990 incitare,
1002 1946 1038 1984 δε
1069 1944 1216 1985 vieiffim
1247 1947 1400 1988 morari,
1434 1945 1478 1984 ad
1510 1947 1668 1996 quietem
1694 1944 1797 1982 deni-

216 2017 287 2055 que
318 2006 479 2053 jubendo
511 2005 693 2044 reducere.

1645 2115 1678 2158 §-
1711 2109 1788 2150 IX.

223 2270 227 2273 ’
255 2268 321 2304 (d)
343 2267 442 2298 pem.
467 2266 570 2299 LXI.
598 2276 683 2306 c.37.
732 2268 981 2299 PORTERrri-:LD
1008 2265 1105 2307 Efflays
1130 2266 1165 2305 os
1185 2238 1294 2298 Elinfb.
1326 2265 1362 2297 T.
1378 2264 1426 2296 IV.
1455 2272 1568 2302 9-215-

256 2309 319 2346 (e)
348 2308 376 2338 L.
394 2308 443 2339 IV.
470 2318 497 2346 p.
515 2316 584 2344 483.
602 2309 667 2344 484.
690 2309 827 2347 imprimis
856 2309 885 2338 in
914 2309 1047 2345 anguillis
1068 2309 1215 2340 clavorum
1236 2308 1421 2338 secalinorum
1446 2307 1475 2337 δι
1494 2306 1577 2344 pastae
1606 2303 1781 2337 librarlotum

213 2349 479 2385 LEDERMULLER
510 2350 615 2380 Frii'nk.
641 2349 776 2381 Anmerlc.
807 2348 843 2378 T.
861 2349 913 2380 Ill.
931 2351 984 2380 διο.

255 2390 268 2425 (
276 2388 317 2427 f)
345 2388 427 2420 Conf.
446 2389 545 2421 Horu
555 2390 642 2421 ANN'
656 2390 692 2421 de
717 2388 805 2429 zlfflr.
816 2386 926 2430 system.
948 2389 1034 2429 stahl.
1063 2389 1102 2427 ἓξ
1127 2389 1256 2421 mechan.
1291 2390 1345 2420 διο.

1843 2361 1885 2483 i
