1864 2660
193 122 276 166 576
512 111 647 156 LIB.
688 115 771 156 XI.
849 114 1089 157 MOTUS
1145 113 1498 156 ANIMALIS.

183 219 346 261 guntur,
391 223 498 262 quam
546 212 590 249 ab
638 224 741 262 aqua
790 210 910 250 ullove
939 224 1099 249 veneno:
1160 210 1285 249 Vefica
1330 224 1446 250 acrem
1493 208 1632 250 urinam
1675 213 1765 260 tole,

183 278 256 313 rat,
290 282 365 307 non
395 271 544 319 perinde
568 278 628 308 aut
656 283 721 319 pus
739 298 748 313 ‚
782 278 842 308 aut
872 270 1109 318 sanguinem(
1130 270 1181 317 i).
1258 270 1369 308 Oculi
1407 273 1497 308 acria
1528 283 1572 308 ex
1597 275 1751 310 antimo-

184 331 247 366 nio
275 329 534 366 medicamenta
565 331 775 378 patiuntur,
815 341 892 365 non
912 331 958 366 ita
988 329 1152 370 fumum,
1206 337 1266 366 aut
1301 341 1469 378 vaporem
1501 342 1618 367 acrem
1646 342 1743 379 cepe.

183 385 298 424 Nares
321 399 398 425 non
424 387 468 424 ad
491 389 641 428 omnia,
690 399 808 435 neque
832 387 875 424 ad
907 389 1074 424 acerrima
1111 387 1332 429 sternutant,
1369 395 1408 425 ut
1444 388 1487 425 ad
1524 387 1749 426 helleborum

183 445 341 494 quidem.
404 444 635 483 Ventr1culus
672 444 907 488 convellitur,
938 446 972 482 &
1008 446 1122 483 vomit
1148 458 1166 482 a
1198 445 1263 482 suis
1290 446 1583 491 medicamentis3
1617 447 1748 484 intesti-

182 515 227 541 na
254 504 297 540 ab
327 503 410 541 aliis.
475 503 602 552 Aspera
625 505 749 541 arteria
775 515 821 541 ne
847 502 1083 541 mollissimam
1107 503 1253 552 quidem
1283 515 1411 551 aquam
1434 503 1523 541 fert(
1574 504 1669 542 Huic
1688 517 1750 554 pe-

182 562 305 599 culiari
338 561 383 599 ad
424 562 586 600 stimulos
631 561 767 599 habitui
809 562 867 599 alii
921 562 975 600 Cl.
1013 563 1077 598 viri
1130 561 1388 612 Idiosyncrafiae
1423 562 1600 600 theoriam
1631 562 1748 612 super-

182 620 490 669 struxerunt(k).
557 620 736 658 Nondum
770 627 864 657 certe
900 620 958 658 hic
995 631 1081 668 ager
1108 619 1185 657 satis
1212 620 1373 657 excultus
1399 621 1472 663 est,
1521 621 1555 657 &
1587 621 1666 670 plus
1703 623 1747 658 ab

182 690 227 715 eo
259 678 332 729 spes
353 679 401 716 est
436 691 502 715 nos
541 686 726 727 empturos
760 678 949 716 fruetuum.
1037 677 1199 716 Multum
1219 680 1362 715 interim
1392 680 1428 715 in
1451 678 1588 716 diverso
1623 679 1666 716 ad
1690 679 1748 716 sti-

181 737 303 774 mulos
335 736 456 775 habitu
482 737 618 774 faciunt
646 736 780 774 diversa
801 749 922 776 earum
947 738 1101 786 partium
1133 737 1352 779 velamenta,
1385 749 1464 786 quae
1495 738 1538 775 ab
1555 737 1629 775 aliis
1656 738 1748 776 aliis-

181 806 252 844 que
275 796 432 844 partibus
458 795 593 833 facilius
616 802 858 844 penetrentur.

241 853 374 891 Eadem
400 853 449 900 ad*
472 853 698 891 stimulorum
721 853 1007 892 sollicitationem
1029 853 1117 902 vigil
1144 855 1362 902 impatientia
1389 854 1496 891 etiam
1512 853 1748 893 resorbtiones

181 911 377 950 humorum
409 912 594 960 gubernat.
658 912 794 962 Chylus
829 914 865 949 in
897 913 971 951 vasa
997 912 1102 952 laCtea
1136 912 1322 956 sorbetur,
1366 924 1442 951 non
1471 912 1634 957 alcohol,
1671 925 1748 953 non

181 971 273 1008 acria
304 981 441 1008 venena
470 970 678 1008 animalium
705 971 942 1010 mordacium.

222 1122 280 1159 (i)
314 1122 526 1154 Caesarum
551 1133 579 1162 p.
596 1122 664 1155 261.

221 1164 285 1201 (le)
318 1163 450 1195 emm.

1489 2302 1747 2356 INDEX
