1895 2650
422 155 736 198 πεπυ.
810 157 1365 204 PHAENOMENA.
1566 168 1649 213 '499

67 260 195 308 utique
216 266 294 294 eam
325 255 399 291 vim
424 254 686 302 percutientem
730 252 929 291 mensuram
958 255 1168 301 admittere,
1218 261 1253 297 &
1281 272 1362 297 cum
1383 259 1544 307 pondere
1571 273 1651 310 pre.

68 320 198 356 mentis
229 326 328 364 aquae
375 315 411 350 in
450 312 786 360 aequilibrium(z)
828 314 960 350 reduci.
1054 316 1122 353 Sed
1163 330 1295 365 gnarus
1341 319 1648 361 CREATOR.

69 384 240 425 quantam
271 371 405 410 causam
430 380 552 408 motus
579 372 615 406 in
636 372 764 413 nervis,
796 371 904 420 inque
923 380 1045 410 natura
1069 376 1226 414 irritabili
1254 377 1495 415 musculorum
1518 378 1649 426 posuis-

57 435 117 472 vset
137 437 153 482 (
171 447 190 470 a
206 435 242 478 ),
281 433 325 469 ad
350 438 517 468 motuum
545 429 771 466 velocitatem
791 431 991 478 augendam
1011 460 1020 474 ,
1057 435 1091 470 &
1120 436 1164 472 ad
1191 436 1254 473 alia
1276 438 1471 475 commoda
1486 437 1647 487 respexit,

70 494 160 532 dum
188 493 414 529 decrementa
455 487 595 526 admifit
613 488 852 537 impensarum
889 492 1029 528 virium.

132 551 176 590 Et
203 563 242 587 ea
277 558 396 586 tamen
430 549 536 587 etiarn
580 547 806 584 decrementa
835 550 938 586 variis
967 551 1086 588 modis
1124 554 1279 597 minuit,
1316 561 1492 604 quantum
1522 567 1584 604 per
1613 567 1652 592 ea

74 609 271 649 commoda
300 608 421 649 licuit,
456 618 535 655 quae
559 605 660 643 nullo
692 606 807 643 modo
838 608 974 656 negligi
1001 619 1177 657 poterant,

129 669 318 717 Nusquam
335 694 344 709 ,
382 672 557 717 quantum
592 665 704 707 novi,
732 665 930 704 musculum
952 671 1124 706 remotius
1141 671 1184 707 ab
1200 669 1466 719 hypomochlio
1495 671 1648 714 inseruit,

69 740 178 778 quam
199 733 272 764 erat
283 725 432 775 pondus
448 723 686 765 movendum,
707 731 801 761 certe
819 736 893 762 non
908 737 952 763 ex
969 730 1150 777 praecipuo
1165 729 1283 778 scopo.
1322 729 1410 768 Casu
1429 739 1549 768 tamen
1563 743 1654 779 quo-

69 787 152 825 dam
171 786 220 829 fit,
240 794 278 823 ut
289 782 717 833 musculinonnunquam
731 782 810 820 finis
827 783 867 821 fit
881 785 925 821 ab
945 785 1210 834 hypomochlio
1227 791 1413 832 remotior,
1441 802 1548 839 quam
1562 802 1654 838 pon·

69 846 164 884 deris
181 843 387 888 movendi.⁸
427 841 478 880 Ita
519 843 556 878 in
593 841 755 879 musculo
786 842 924 880 flexore
945 844 1113 888 sublimi,
1153 847 1332 895 &longo
1363 850 1476 897 capite
1504 849 1654 898 profun-

70 905 109 942 di
144 901 432 951 exemplum‘est.
505 899 605 938 Pone
639 901 781 949 pondus
819 913 914 938 non>
943 915 1051 941 manu
1090 906 1413 954 comprehensum,
1448 908 1505 944 sed
1528 908 1573 944 de
1593 919 1654 945 cu-

72 964 151 1000 bito
173 963 326 1003 alicubi,
360 962 452 997 inter
477 960 551 1006 ejus
580 971 664 996 cum
703 959 878 1002 humero,
922 962 957 997 &
985 974 1068 1000 cum
1104 976 1213 1011 carpo
1251 966 1543 1009 articulationes,
1595 967 1656 1003 ad-

71 1023 206 1075 plicari.
271 1019 410 1067 Utique
437 1017 585 1055 musculi
619 1017 674 1053 isti
705 1018 991 1056 articulationem
1009 1022 1121 1059 cubiti
1143 1022 1347 1071 supergressi
1365 1052 1374 1066 ,
1407 1024 1650 1072 flectentssy)

71 1093 172 1122 eam,
207 1080 244 1116 &
274 1077 364 1115 adeo
400 1077 563 1114 cubitum
592 1075 781 1118 levabunt,
816 1078 955 1126 eritque
985 1091 1024 1116 ea
1048 1080 1211 1119 machina
1235 1094 1338 1119 verus
1369 1083 1493 1126 vectis,
1528 1086 1564 1120 in
1581 1095 1655 1133 quo

72 1137 365 1189 hypomochlion
396 1137 433 1172 in
471 1135 583 1172 cubiti
617 1146 703 1172 cum
740 1134 893 1173 humero
934 1139 1088 1177 articulo
1118 1140 1192 1181 est,
1248 1141 1391 1189 pondus
1426 1143 1469 1179 ad
1500 1143 1657 1191 aliquam

73 1199 118 1236 ab
143 1210 188 1235 eo
219 1204 345 1233 centro
366 1200 487 1231 motus
516 1192 715 1231 distantiam
736 1222 746 1237 ,
781 1194 817 1232 &
839 1193 883 1232 ad
905 1195 1024 1234 multo
1039 1199 1212 1245 maj0rem
1231 1203 1392 1248 potentia
1409 1201 1615 1250 adplicatur.

146 1255 276 1294 Multo
309 1261 429 1293 tamen
460 1251 582 1301 saepius
611 1251 825 1291 NATURA
847 1253 891 1290 ad
921 1256 1130 1303 augendum
1157 1260 1331 1306 angulum
1359 1260 1437 1308 (c)
1476 1260 1656 1312 respexit,

74 1327 186 1367 quem
211 1312 388 1351 musculus
420 1324 504 1350 cum
538 1309 609 1348 offe
638 1311 751 1358 facit,
783 1314 842 1351 cui
877 1313 1049 1353 inseritur.
1124 1315 1215 1354 Eum
1249 1320 1286 1354 in
1311 1318 1514 1356 universum
1535 1321 1654 1361 auxit,

74 1376 164 1414 dum
186 1374 353 1410 omnium
386 1370 512 1408 offium
548 1369 661 1412 fines,
699 1382 768 1419 qua
799 1370 863 1409 fibi
891 1375 1194 1418 committuntur,
1230 1376 1313 1413 fecit
1339 1377 1527 1415 craffiores.
1605 1379 1657 1416 Ita

75 1432 239 1471 distantia
273 1444 292 1468 a
329 1438 454 1468 centro
484 1437 632 1474 motus,
686 1430 724 1467 in
749 1441 824 1482 quo
856 1442 939 1469 axes
972 1430 1101 1472 offium
1147 1434 1420 1476 commistorum
1453 1438 1649 1479 uniuntur,

76 1500 228 1541 augetur
258 1490 434 1527 haetenus.

137 1550 196 1588 Est
223 1550 285 1587 ubi
318 1548 373 1585 vel
402 1545 581 1597 processus
608 1547 749 1596 aliquos
776 1547 928 1592 eduxit,
967 1551 1030 1600 qui
1060 1562 1106 1588 ex
1138 1551 1208 1589 offe
1236 1552 1312 1601 ipso
1349 1554 1542 1596 exstarent,
1600 1554 1658 1592 vel

81 1616 178 1650 certe
209 1608 272 1646 alia
300 1606 444 1644 officula
471 1606 779 1644 articulationibus
805 1607 1006 1656 adaptavit,
1043 1622 1122 1658 quae
1158 1613 1382 1655 eminerent,
1429 1614 1464 1650 &
1492 1614 1660 1651 distarent

78 1669 125 1707 de
150 1666 313 1705 musculo
347 1673 546 1713 centroque
575 1672 706 1703 motus.
770 1665 812 1703 In
842 1677 904 1703 eos
935 1666 1065 1705 deinde
1089 1669 1294 1717 processus,
1333 1683 1444 1721 eaque
1463 1671 1551 1715 offa,
1580 1684 1660 1710 mu-

80 1727 196 1766 sculos
232 1731 390 1762 motores
417 1723 586 1764 inseruit,
625 1724 688 1771 qui
721 1723 813 1761 adeo
841 1725 885 1761 ab
908 1726 965 1761 axi
988 1726 1139 1765 musculi
1167 1737 1365 1778 centroque
1396 1738 1516 1769 motus
1547 1732 1660 1779 magis

82 1786 221 1824 distant.
300 1781 387 1820 Haec
412 1782 461 1818 est
490 1780 619 1818 utilitas
650 1781 774 1829 magni
813 1781 1071 1828 trochanteris,
1116 1787 1174 1823 cui
1197 1787 1344 1825 insertus
1364 1789 1556 1828 musculusff
1582 1789 1662 1837 glu-

82 1852 169 1883 taeus
199 1840 434 1887 medius(d)
476 1839 593 1876 multo
624 1846 719 1877 cette
749 1842 923 1888 majorem
960 1854 1043 1881 cum
1071 1842 1142 1881 offe
1177 1844 1323 1883 femoris
1352 1848 1525 1894 angulum
1552 1847 1658 1891 facit,

82 1913 192 1953 quam
231 1900 360 1939 faceret
394 1899 528 1947 absque
563 1909 607 1935 eo
653 1898 889 1938 trochantere.
954 1899 1142 1949 Ejusmodi
1177 1904 1227 1942 est
1275 1904 1474 1954 processus,
1504 1908 1591 1956 ,qui
1616 1909 1662 1944 de

85 1961 254 2002 calcaneo
274 1958 357 2006 (e)
389 1957 582 1995 retrorsum
614 1957 803 2003 educitur,
839 1966 878 1997 ut
906 1959 1082 1998 fortiffimi
1125 1963 1330 2001 extensores
1355 1965 1456 2014 pedis
1486 1968 1661 2004 remotius

85 2021 130 2061 ab
177 2017 425 2058 articulatione
457 2016 551 2057 tibiae
592 2027 677 2055 cum
712 2014 885 2068 astragalo
932 2020 1180 2059 immittantur.
1269 2021 1353 2071 EJus
1384 2025 1490 2062 etiam
1521 2026 1661 2072 generis

910 2076 945 2117 R
975 2090 992 2116 r
1021 2089 1040 2115 r
1101 2089 1124 2119 2
1535 2083 1662 2133 patella

125 2183 197 2220 (2)
225 2182 396 2213 ΖΑΝοῑ-τι
419 2183 525 2211 Comm.
546 2180 639 2211 Acad.
655 2182 763 2212 Bonon.
788 2181 823 2212 T.
840 2180 887 2213 IV.
915 2192 943 2222 p.
958 2191 1006 2214 21.

126 2225 193 2259 (a)
217 2223 466 2253 DESAoucrzas
504 2220 537 2252 T.
556 2221 579 2252 1.
604 2231 714 2262 91¹5?-

127 2264 192 2300 (b)
225 2272 252 2301 v·
276 2273 362 2309 494·⁴
595 2302 622 2309 Ι,

128 2305 191 2340 (c)
222 2304 444 2334 Eminennarum
471 2302 545 2333 hanc
562 2301 712 2334 utilitatem
733 2303 818 2336 habet
846 2303 1068 2336 CHARLETON
1084 2305 1281 2345 osvolzmtary
1309 2313 1376 2338 mot.
1406 2317 1432 2346 p.
1451 2314 1518 2347 533.

130 2345 204 2381 (d)
227 2345 352 2375 licum.
376 2345 426 2374 tab
453 2341 535 2379 mulin
562 2343 607 2372 Vl.
628 2347 646 2373 i.

131 2385 189 2422 (e)
217 2386 344 2415 Auru.
361 2384 396 2414 T·
414 2383 460 2414 Vl·
497 2384 525 2413 Ε·
543 2384 577 2415 D·
594 2383 629 2416 T·
644 2393 693 2423 24·
717 2384 738 2417 f·
756 2396 784 2425 9.
800 2396 847 2420 ιο.
885 2386 955 2421 Non
966 2387 1053 2428 longa
1065 2387 1104 2421 est
1118 2388 1182 2423 calx
1203 2389 1287 2422 fimiae
1299 2409 1310 2428 ,
1329 2395 1362 2422 ut
1388 2389 1438 2422 diu
1448 2388 1517 2421 stare
1533 2394 1655 2427 nequent

89 2425 247 2460 moun.
265 2423 428 2466 fflwLssm.
450 2435 478 2464 p,
494 2433 560 2465 53³·
