1957 2630
142 105 343 150 SECT.
384 106 472 149 VII.
537 105 727 148 PHAEN.
767 105 903 147 VIVI
936 106 1206 148 CEREBRI.
1267 107 1508 148 SENSUS.
1580 120 1654 154 3¹1

85 217 270 242 anom
301 203 384 252 (a)
437 204 473 241 Sc
505 202 715 242 VANm-:Lm
737 199 845 255 (ζῆ)
872 203 1001 242 elevari
1046 204 1195 254 quidem
1227 204 1353 242 duram
1377 211 1553 248 matrem,
1602 204 1661 243 sed

85 277 167 303 cum
194 265 328 301 arteriis
355 263 562 312 scripserint.

145 322 219 359 Vix
247 321 403 359 sensilem
430 324 555 365 etiam,
597 322 685 360 dum
721 322 798 360 sana
825 322 894 365 est,
932 320 1057 359 duram
1091 329 1241 359 matrem
1278 321 1370 367 esse,
1419 323 1548 361 fatetur
1591 321 1660 360 Ro.
1692 319 1694 321 ’

84 382 197 419 bertus
229 380 432 419 WHYTT
451 379 536 430 (h)
568 382 658 419 nihil
685 381 852 425 daturus,
885 380 948 418 nili
975 383 1124 429 cogenti
1149 384 1182 419 vi
1207 384 1289 420 veri.

657 509 690 552 ς.
724 504 857 544 XIX.
925 503 1082 551 Ohjefflo.

142 625 231 664 Non
271 633 417 676 oportet
460 629 585 679 utique
633 629 866 674 dissimulare,
923 631 957 668 in
993 630 1046 670 Cl.
1084 631 1343 673 Clanium,
1392 631 1428 668 &
1460 628 1665 668 Formi-

83 697 164 728 ΜΕ,
199 688 399 724 amicorum
434 689 666 732 nostrorum,
695 692 978 739 experimentis,
1025 691 1297 740 phaenomenon
1342 689 1562 739 adparuisse,
1602 701 1665 727 cu·

83 746 139 792 jus
175 745 301 800 aliqua
338 746 381 783 ad
429 746 566 785 sensum
602 748 698 786 durae
744 751 963 787 membranae
1003 750 1264 789 restituendum
1299 749 1350 786 vis
1390 748 1456 787 effe
1488 749 1660 788 videatur.

83 802 129 841 Et
159 806 316 852 primum
345 804 503 843 sensilem
538 807 702 856 reperisse
727 807 791 845 fibi
821 809 882 846 vifi
915 808 994 846 sunt
1031 809 1173 852 Amici,
1206 820 1289 846 cum
1319 807 1461 857 sanguis
1491 809 1554 847 sub
1579 809 1665 845 dura

83 864 291 899 membrana
320 863 450 902 effusus
481 865 653 912 effetCC).
718 867 787 905 Sed
819 867 882 917 ipsi
905 867 1147 917 compressum
1169 868 1356 907 cerebrum
1389 881 1433 906 eo
1473 870 1510 905 in
1543 879 1666 904 exem-

83 921 146 970 plo
176 922 392 960 accusarunt.
457 923 623 969 Deinde,
663 938 746 964 cum
769 929 945 964 internam
972 927 1097 964 faciem
1124 928 1229 975 hujus
1263 927 1454 965 velamenti
1489 936 1663 975 argenteo

82 980 254 1031 specillo,
289 981 482 1026 obtufioti,
526 984 654 1022 leniter
684 983 871 1024 titillarent
913 986 1017 1035 (d)‚·
1053 987 1271 1025 etiamtunc
1299 985 1415 1024 sensus
1434 986 1553 1036 aliqua
1568 985 1667 1034 signa

84 1041 142 1076 edi
174 1040 348 1078 viderunt.

141 1098 208 1148 lpfi
235 1111 322 1137 vero
356 1099 408 1138 Cl.
447 1102 512 1138 viri
536 1101 638 1141 facile
670 1103 732 1141 fibi
759 1104 838 1154 ipsis
871 1104 1160 1154 responderunt,
1197 1117 1273 1143 non
1309 1103 1445 1146 videri,
1485 1105 1665 1143 membra-

83 1169 166 1195 nam
195 1158 350 1208 aliquam
379 1159 600 1199 titillationes
627 1164 773 1213 quidem
801 1164 927 1202 sentire
960 1163 1079 1214 posse,
1112 1164 1246 1203 ferrum
1265 1175 1349 1202 vero
1365 1165 1561 1213 ignemque
1588 1176 1665 1201 non

83 1217 210 1255 sentire
240 1219 345 1264 (e),
396 1227 434 1258 ut
481 1223 636 1259 omnino
679 1223 1000 1272 persuaderentur,
1054 1233 1252 1262 tremorem
1304 1224 1461 1272 aliquem
1508 1236 1527 1261 a
1576 1223 1666 1262 dura

82 1277 289 1314 membrana
321 1279 358 1315 in
390 1291 585 1318 nervorum
616 1294 679 1330 per
713 1284 827 1321 imum
861 1285 1023 1321 cranium
1053 1286 1218 1322 euntium
1250 1282 1412 1321 sensilem
1447 1280 1527 1330 (f)
1562 1290 1666 1320 natu-

82 1347 158 1372 ram
186 1346 450 1385 propagatum,
501 1339 639 1378 causam
675 1340 742 1379 ess'e
783 1342 917 1380 insoliti
959 1343 1203 1392 phaenomeni.
1277 1341 1319 1379 ld
1358 1341 1506 1391 quidem
1542 1341 1666 1380 fimilia

78 1395 316 1437 molientem,
354 1396 443 1432 mihi
461 1408 537 1434 non
570 1401 727 1447 contigit
757 1401 887 1438 videre.

141 1453 249 1490 sensu
276 1454 367 1491 adeo
395 1462 512 1493 carere
527 1456 732 1496 docuerunt
745 1471 859 1508 nuper
877 1460 940 1497 viri
955 1459 1129 1497 clariffimi
1153 1459 1183 1509 J.
1211 1458 1421 1509 Godofredm
1446 1457 1556 1497 ZmN
1571 1461 1661 1507 (g),

79 1510 109 1560 J.
146 1511 180 1549 G
234 1512 564 1552 HEUERMANN
599 1517 705 1565 (h),
758 1518 1101 1556 FRACAssmus
1133 1519 1240 1566 (i),
1303 1518 1483 1558 Arnoldus
1520 1517 1665 1557 Dun-

82 1582 105 1607 T
123 1572 290 1618 Ζεζὲ),
332 1572 534 1612 Guilt'elmus
560 1573 759 1615 BATrrss
783 1577 854 1628 (l)
882 1578 1014 1628 aliique
1053 1579 1106 1617 Cl.
1140 1580 1215 1616 viri.

1463 1709 1496 1751 ς.
1532 1703 1662 1744 ΧΧΙ.

118 1865 180 1900 (α)
197 1863 292 1896 Multa
312 1877 336 1904 p.
356 1867 423 1898 266-
447 1876 531 1909 negat
546 1873 624 1902 enim
637 1895 654 1910 ..
671 1884 737 1907 cum
764 1874 915 1906 manifesto
938 1879 1106 1914 contemtu,
1130 1876 1280 1908 cerebrum
1299 1878 1418 1909 moveri.

122 1906 180 1939 (α’
194 1908 205 1942 )
226 1908 349 1943 Supplrm
381 1909 400 1939 F
412 1921 429 1939 Λ
442 1921 457 1939 Β
472 1922 499 1940 R.
525 1922 553 1950 p.
573 1919 618 1951 78.
985 1920 993 1922 ”

120 1947 181 1982 (h)
215 1946 295 1986 Plps
319 1947 401 1988 effiiyr
434 1961 460 1987 p.
484 1963 547 1983 ιιι.

120 1987 186 2023 (c)
214 1990 317 2019 ColtecJ.
350 1993 454 2021 Bonan.
477 1992 514 2024 Π.
539 2004 566 2032 p.
589 2003 655 2032 29¹.
674 2005 741 2031 292.

120 2028 184 2064 (d)
208 2029 302 2060 Habet
328 2033 414 2062 etiam
433 2033 596 2065 Laenius
630 2036 713 2074 Epist.
733 2037 768 2069 ll.
793 2048 823 2077 p.
843 2048 868 2070 2.
902 2038 1012 2070 Fun
1037 2049 1065 2078 p.
1084 2048 1153 2078 203.

122 2070 187 2105 (e)
221 2079 248 2107 p.
271 2082 331 2108 290.
356 2075 379 2102 ἃ
405 2073 489 2105 Lettr.
508 2075 543 2106 11.
566 2086 591 2114 p,
609 2087 673 2117 374.
830 2094 863 2127 ο

122 2110 182 2148 (f)
210 2110 248 2141 lb.
275 2114 300 2142 &
321 2113 406 2144 Lettr.
423 2114 442 2145 l.
467 2126 495 2153 p.
512 2126 575 2148 τοι.

121 2152 180 2189 (g)
210 2151 227 2181 l.
243 2161 259 2181 c
292 2163 319 2189 p.
346 2165 407 2192 ¹4²-
435 2166 529 2195 neque
546 2168 580 2188 ex
604 2158 769 2191 vulneribus
803 2161 865 2198 ejus
885 2160 1074 2201 symptomata
1100 2161 1177 2202 sequi
1203 2162 1238 2193 T.
1254 2160 1290 2193 11.
1315 2172 1343 2202 p.
1367 2172 1430 2202 130.

121 2193 327 2228 (moperum
347 2195 381 2226 T.
399 2196 417 2227 l.
443 2207 468 2234 p.
482 2207 530 2236 42.
553 2210 598 2233 5²·

120 2234 183 2268 (i)
215 2235 257 2262 De
279 2234 363 2271 affbfl.
390 2238 575 2274 hypochondr.
597 2250 624 2278 p.
646 2251 672 2277 9.

120 2275 185 2309 (k)
209 2273 241 2303 In
270 2274 369 2310 scripto
394 2288 508 2316 proprio
532 2282 566 2310 de
588 2283 705 2312 vulnere
721 2284 825 2313 cerebri
841 2293 867 2319 ρ.
892 2293 936 2322 14.

120 2316 173 2353 (l)
213 2313 257 2352 Os
282 2316 417 2359 madneffi
438 2329 466 2359 p.
489 2331 536 2355 u.
572 2333 672 2362 parum
687 2333 791 2363 nempe
814 2324 920 2358 sensilia
945 2326 1075 2360 medullae
1098 2326 1318 2359 involucraeffe.
