1895 2650
414 143 732 186 SECT.II.
812 141 1394 182 PHAENOMENA.
1600 148 1681 189 489

143 260 175 304 9.
218 254 425 297 XXVII.
496 253 656 302 st‘Iuswtli
687 253 752 289 toti
775 251 848 300 succ
878 252 921 287 vi
964 251 1122 298 aequalem
1166 250 1316 300 {fficiam
1347 262 1415 288 non
1446 250 1654 300 sortiuntur

475 312 505 350 I.
540 312 635 362 Quia
651 313 791 360 propius
815 310 1045 359 hypomochlio
1079 309 1292 358 inseruntur.

149 421 341 459 Minimam
368 427 462 459 certe
496 427 631 469 partem
656 419 729 465 ejus
759 419 933 466 potentiae
956 417 1137 460 diximus,
1210 428 1293 468 quae
1337 419 1385 455 est
1429 420 1464 455 in
1509 418 1684 456 musculis.

100 479 150 517 lta
177 482 272 517 enirn
310 492 394 518 cum
424 480 644 529 ponderibus
667 476 826 526 adpenfis
857 479 1143 525 comparavimus
1162 506 1171 520 ,
1209 486 1249 514 ut
1282 485 1395 515 totam
1433 477 1505 514 vim
1536 479 1685 515 muiculi

89 539 222 576 utiliter
253 540 287 575 in
310 538 484 576 elevando
512 537 676 587 pondere
716 536 864 583 inpendi
900 547 1119 583 poneremus
1142 564 1151 577 ,
1206 538 1258 574 uti
1302 538 1337 572 in
1382 536 1522 573 bilance
1561 544 1681 573 totum

86 597 233 645 pondus
263 599 367 635 unius
396 597 505 634 lancis
535 596 578 633 ad
608 596 821 633 elevandum
854 594 997 644 pondus
1032 594 1140 631 lancis
1169 594 1311 632 alterius
1331 594 1455 631 efficax
1479 595 1677 632 adhibetur.

85 654 198 693 Nunc
221 657 256 692 in
273 667 427 706 corpore
455 655 615 692 humano
631 655 753 691 onmia
774 653 837 690 alia
855 653 1035 690 obtinent.
1103 652 1261 691 Tantum
1292 655 1389 690 enim
1413 654 1525 691 abfuit
1556 654 1678 691 Cam-

89 725 164 750 Toa
185 714 202 761 (
224 714 265 761 l)
294 727 311 751 a
334 714 530 763 quaerendo
565 714 687 761 aliquo
720 712 943 761 compendio
973 713 1127 755 virium,
1163 715 1199 752 in
1215 712 1446 762 disponendis
1480 712 1673 754 musculis,

85 774 173 820 quin
199 775 352 810 omnino
381 773 452 810 fere
480 785 606 809 omnes
630 774 677 809 ita
714 771 769 808 sua
796 772 838 808 ad
873 770 942 808 offa
970 771 1215 819 adaptaverit,
1252 779 1290 809 ut
1324 774 1482 809 maxima
1515 783 1592 820 pars
1610 783 1675 823 po-

85 833 203 867 tentiae
232 831 437 869 muscularis
463 838 590 880 pereat.
658 831 697 868 ld
735 836 880 879 oportet
915 842 976 878 per
1005 829 1140 878 singula
1165 830 1417 867 demonstrare.

140 889 182 926 ln
205 888 270 926 hac
300 899 374 929 tota
405 890 714 939 contemplatione
745 888 818 926 offa
844 888 875 925 se
899 889 1030 925 habent
1049 917 1057 930 ‚
1115 896 1154 926 ut
1185 889 1296 925 vetles
1316 917 1324 932 ,
1370 890 1432 937 qui
1459 895 1672 926 move2ntut

79 959 99 984 a
132 948 298 985 musculis
328 956 497 999 tanquam
525 949 691 986 funibus:
727 959 884 995 cumque
910 950 962 985 vis
997 946 1097 983 insita
1132 949 1210 984 viva
1240 960 1301 984 eos
1342 947 1521 984 musculos
1559 949 1672 984 adtra-

74 1005 162 1051 hat,
206 1013 246 1044 ut
275 1006 379 1055 poffit
407 1008 449 1045 ad
476 1007 632 1044 calculos
664 1019 715 1043 res
747 1007 929 1049 revocari,
965 1017 1003 1041 ea
1021 1006 1147 1052 utique
1178 1007 1228 1042 vis
1251 1006 1406 1054 ponderi
1437 1006 1578 1054 aequalis
1605 1007 1674 1044 sta-

79 1067 217 1107 tuitur,
249 1066 349 1114 quod
379 1066 423 1103 ad
452 1066 588 1103 vestem
613 1064 808 1117 appensum
839 1064 995 1102 eundem
1030 1063 1195 1102 effectum
1231 1065 1437 1114 producat,
1484 1077 1593 1110 quem
1636 1067 1670 1103 vi

79 1125 159 1161 viva
185 1124 358 1162 adtractus
400 1124 587 1162 musculus.

137 1181 443 1230 Hypomochlion
472 1183 520 1224 est
552 1195 631 1232 pars
663 1183 769 1220 veffis
799 1182 1019 1224 immobilis,
1065 1183 1157 1219 circa
1195 1194 1303 1232 quam
1341 1182 1568 1220 immobilem
1599 1183 1671 1232 ipse

78 1250 256 1279 movetur.
321 1241 407 1278 Axis
435 1240 533 1285 offis,
569 1241 669 1290 quod
694 1244 730 1279 in
758 1250 834 1279 artu
864 1241 934 1283 est,
988 1241 1078 1278 secat
1108 1242 1187 1288 ejus
1223 1241 1533 1290 longitudinen1‚-
1572 1243 1605 1278 &
1630 1244 1667 1280 in

77 1308 243 1340 centrum
264 1301 522 1340 articulationis
558 1301 770 1350 respondet,
806 1298 866 1336 etii
898 1299 935 1336 id
960 1299 1153 1348 aliquando
1186 1301 1304 1338 minus
1341 1299 1513 1349 exquisite
1543 1313 1669 1338 verum

76 1358 151 1404 est3
185 1358 277 1396 circa
309 1359 406 1397 hune
439 1361 514 1396 axis
545 1359 653 1399 finem
682 1368 757 1397 tota
793 1358 975 1407 cylindrus
1005 1357 1097 1396 ossea
1123 1367 1285 1406 rotatur3
1331 1359 1453 1408 estque
1483 1359 1575 1401 adeo
1602 1359 1668 1409 hy-

76 1418 319 1467 pomochlion
355 1421 392 1455 in
426 1419 541 1456 media
570 1418 935 1465 articulatione(m).

135 1476 248 1514 Nunc
279 1477 365 1513 vetti
396 1478 569 1526 adplicata
599 1478 760 1526 potentia
788 1477 862 1525 agit
893 1487 937 1513 eo
971 1475 1122 1514 validius
1141 1505 1151 1518 ‚
1201 1488 1276 1525 quo
1309 1475 1455 1525 longius
1481 1477 1523 1514 ab
1546 1476 1669 1526 hypo-

77 1535 241 1572 mochlio
274 1535 317 1572 ad
345 1536 478 1573 vestem
508 1536 726 1585 adplicatur,
772 1547 851 1584 quae
889 1546 944 1572 res
975 1536 1025 1573 est
1052 1534 1253 1581 notissima3
1308 1536 1343 1572 &
1382 1548 1425 1572 eo
1451 1537 1567 1573 minus
1596 1548 1666 1585 po-

75 1600 190 1631 tenter
232 1602 400 1642 operatur
446 1595 597 1637 eadmn,
654 1596 707 1633 uti
747 1595 896 1642 propius
945 1594 989 1630 ad
1026 1594 1316 1642 hypomochlion
1349 1595 1483 1631 vestem
1515 1603 1667 1634 conatur

74 1663 253 1695 emovere.
316 1652 386 1695 Sed
419 1653 569 1695 musculi
596 1653 758 1702 plerique
783 1653 819 1688 in
852 1663 1006 1700 corpore
1035 1652 1197 1689 humano
1246 1652 1363 1693 multo
1407 1655 1555 1703 propius
1599 1654 1665 1704 hy-

74 1711 316 1761 pomochlion
345 1712 389 1747 ad
418 1724 459 1748 os
489 1711 592 1749 suum
617 1711 888 1756 inseruntur(11
909 1713 953 1758 ),
1001 1722 1110 1758 quam
1152 1711 1298 1758 quidem
1344 1712 1487 1760 pondus
1529 1712 1663 1761 adpen-

71 1764 161 1807 sum.
224 1768 304 1810 Ita,
337 1770 374 1804 in
413 1769 610 1818 exemplo,
679 1769 724 1806 de
749 1769 861 1806 cubiti
894 1768 1046 1806 articulo
1081 1769 1225 1816 pondus
1266 1770 1453 1817 gerimus,
1513 1772 1612 1820 quod
1643 1783 1662 1809 a

74 1827 234 1864 deltoide
264 1826 426 1866 musculo
455 1828 664 1873 humerum,
682 1827 820 1864 levante
848 1826 1047 1864 sustinetur.
1112 1826 1181 1864 Sed
1204 1827 1494 1876 hypomochlion
1518 1829 1658 1867 humeri

78 1886 128 1923 est
156 1887 192 1923 in
224 1885 474 1927 articulatione
500 1898 584 1924 cum
616 1886 763 1935 scapula.
831 1884 1012 1923 Deltoidis
1055 1885 1207 1928 musculi
1239 1886 1384 1924 insertio
1424 1888 1542 1929 multo
1577 1900 1662 1937 pro-

77 1945 158 2000 pius
192 1956 269 1989 eam
309 1945 599 1984 articulationem
627 1944 676 1983 est
697 1972 707 1988 ,
749 1956 856 1999 quam
890 1944 1032 1994 pondus
1065 1944 1108 1981 ab
1142 1951 1307 1984 extremo
1337 1945 1498 1984 inferiori
1519 1947 1661 1985 humeri

1586 2007 1660 2044 fine

114 2109 181 2145 (l)
203 2109 341 2140 Naturam
367 2109 504 2140 machinis
524 2109 579 2141 effe
589 2110 678 2147 usam,
699 2109 800 2148 quibus
814 2109 918 2142 virium
932 2108 1037 2140 faceret
1046 2110 1256 2148 compendium
1276 2111 1444 2142 GALENus
1466 2110 1584 2142 dixerat.
1611 2111 1657 2141 Vi

75 2149 112 2179 de
135 2150 324 2179 Boanum
352 2160 378 2188 p.
396 2160 428 2187 ¹7

117 2193 192 2224 (η)
215 2189 357 2219 Boane.
381 2160 446 2219 L.71.
484 2189 567 2226 prop.
582 2202 610 2228 9.
648 2190 830 2222 Pauloaliter
852 2191 896 2224 Cl.
922 2191 1068 2222 Parem*
1104 2193 1198 2224 Mem.
1225 2191 1258 2220 dc
1280 2191 1393 2224 l'.Acad
1425 2202 1510 2232 ¹702·
1538 2205 1568 2234 p.
1590 2203 1653 2226 100.

74 2228 148 2259 sed
141 2240 170 2259 in
192 2230 268 2259 idem
284 2240 342 2259 rem
361 2230 445 2260 relabi
468 2230 580 2264 fatetur.

117 2270 185 2306 (n)
214 2269 358 2299 emm-r
385 2280 411 2308 p.
425 2274 476 2309 9⁶·

75 2364 98 2417 2L
137 2361 263 2400 Haller
293 2361 481 2412 Phyfiolog.
545 2363 653 2402 Tom,
687 2363 763 2405 IV.
1173 2365 1222 2412 Q
1242 2377 1266 2414 q
1296 2376 1320 2414 (1
