1905 2640
258 118 345 160 375
511 105 665 150 LJB.
706 107 751 148 X.
819 107 1194 164 CEREBRUM
1236 105 1313 149 ET
1343 105 1579 148 NERVI.

253 209 309 246 sali
344 207 403 256 (e
428 208 454 252 ).
534 206 629 245 Cum
680 206 800 256 spiritu
842 207 915 244 vini
945 205 1169 248 subtiliffimo
1212 207 1433 255 comparavit
1473 202 1675 253 Francisczos
1716 203 1836 243 Sn-

252 279 370 305 vlus
401 264 477 314 (f).
603 312 618 325 “

313 325 359 363 Ea
384 326 506 362 omnia
541 324 806 362 excusationem
852 325 1005 374 aliquam
1040 324 1173 361 habent
1215 336 1233 361 a
1273 325 1307 361 vi
1341 324 1542 366 excitante,
1586 333 1664 371 quae
1716 322 1764 360 est
1796 320 1833 360 in

251 385 374 434 spiritu
407 384 543 421 reflore
566 412 576 425 ,
613 384 649 420 δε
678 385 714 420 in
745 383 921 421 alcohole.
1008 383 1189 421 Caeterum
1233 395 1336 420 mero
1367 394 1472 420 acore
1493 410 1502 423 .
1549 393 1697 418 merove
1741 383 1834 429 ejus-

251 443 356 482 modi
383 443 537 482 odorato
566 442 709 494 spiritu,
745 455 917 481 nerveum
954 441 1107 480 fluidum
1128 441 1343 485 consistere,
1375 449 1552 489 repugnat
1568 440 1773 478 conditioni
1794 447 1828 478 6.

251 502 439 550 Ejusmodi
475 504 580 540 etiam
614 503 743 539 meraci
774 502 912 551 spiritus
962 503 1147 539 celerrime
1194 514 1324 538 nervos
1359 502 1573 542 destruunt,
1622 512 1697 536 non
1737 500 1833 537 alco-

251 562 369 599 holini
400 562 492 604 soli,
543 561 600 598 sed
625 563 781 598 omnino
812 562 946 599 odores
976 561 1264 604 vehementiores
1293 562 1524 610 quicunque,
1576 570 1671 608 quos
1711 566 1831 596 tamen

250 632 439 671 nunquam
477 633 577 669 aeque
615 633 724 668 puros
750 633 812 670 per
850 620 937 658 l'olas
969 632 1069 656 nares
1094 620 1257 662 haurias,
1312 631 1353 656 ac
1383 620 1530 668 quidem
1561 629 1606 654 ex
1642 617 1831 666 hypothesi

251 682 332 729 puri
359 682 395 717 in
424 683 540 716 nervis
566 680 725 716 fluerent.
789 679 908 716 Nimis
938 679 1035 715 enim
1074 679 1204 715 senlilis
1227 678 1333 727 pulpa
1364 689 1560 714 nervorum
1604 677 1703 713 brevi
1739 684 1832 714 tem.

250 752 340 790 pore
366 741 437 776 vim
477 738 571 787 quasi
598 739 746 780 odoris,
781 749 842 777 aut
868 738 1061 787 voluptatis
1104 739 1352 787 cujuscunque
1386 736 1544 787 perfert,
1589 735 1624 774 &
1668 735 1830 774 succum-

251 799 326 840 bit,
363 798 386 834 Π
412 800 656 836 continuatur.

762 909 798 950 §.
831 904 955 944 XIV.
1035 904 1092 942 An
1123 907 1216 943 aerei
1237 905 1319 954 sint.

309 1015 440 1064 Longe
470 1015 582 1062 magis
617 1013 838 1062 frequentata
873 1014 939 1052 fuit
988 1026 1027 1051 ea
1058 1012 1198 1056 schola,
1234 1025 1313 1063 quae
1343 1012 1484 1063 spiritus
1513 1023 1665 1051 nerveos
1713 1023 1834 1051 aereos

249 1075 358 1121 fecit3
386 1085 469 1111 nain
494 1084 592 1110 nunc
625 1074 773 1121 quidem
809 1073 892 1110 lieet
929 1085 967 1111 ea
1008 1084 1098 1111 voce
1124 1074 1186 1111 uti.

310 1133 419 1172 Liber
446 1133 556 1170 exstat
583 1133 675 1169 inter
705 1131 901 1169 HiPPoc
919 1144 974 1169 ΒΑ
993 1144 1170 1174 meos,
1221 1133 1282 1181 qui
1312 1143 1430 1170 aerem
1459 1132 1588 1181 partim
1619 1142 1683 1179 per
1722 1142 1763 1168 os
1799 1131 1837 1168 Sc

249 1205 373 1236 nares,
410 1193 577 1242 proxima
606 1190 686 1234 via,
733 1192 864 1240 recipi,
903 1192 1031 1241 partim
1064 1200 1183 1229 tamen
1219 1192 1325 1228 etiam
1362 1203 1425 1240 per
1447 1186 1557 1229 Venas
1607 1189 1722 1227 subire
1751 1187 1835 1238 (g)

249 1255 370 1295 docet,
405 1254 515 1301 inque
529 1251 678 1289 cerebro
705 1251 949 1299 intelligentiae
972 1252 1007 1288 &
1041 1249 1345 1298 motionum(h)
1382 1251 1562 1288 auctorem
1584 1247 1673 1292 effe,
1720 1260 1837 1298 eoque

249 1315 451 1360 intercepto
478 1319 664 1361 torporem
701 1311 811 1352 oriri,
849 1311 884 1347 &
915 1311 1015 1347 vocis
1037 1310 1110 1358 (i)
1135 1319 1241 1359 atque
1277 1311 1387 1346 animi
1416 1310 1664 1347 defectionem.
1730 1307 1777 1346 Ea
1790 1307 1836 1344 de

248 1384 327 1410 aere
359 1383 422 1420 per
450 1382 548 1407 nares
565 1368 725 1416 suscepto
751 1368 920 1406 sententia
954 1369 1019 1407 fuit
1038 1368 1099 1406 ER
1119 1381 1383 1406 AslsTRATI
1409 1370 1460 1415 (lc
1479 1369 1510 1416 ).
1585 1368 1753 1405 Animam
1788 1377 1833 1403 ex

249 1443 328 1470 aere
361 1431 622 1467 Asc-immons
651 1428 857 1477 composuit
882 1428 972 1477 (l),
1002 1436 1236 1479 veterumque
1269 1428 1383 1466 multi.
1466 1427 1611 1477 Odoaes
1641 1439 1679 1464 ea
1702 1428 1756 1463 via
1790 1424 1835 1462 ad

248 1491 437 1527 cerebrum
461 1489 521 1527 AL
538 1500 557 1525 c
575 1498 719 1525 MAEON
750 1488 899 1526 duxerat
920 1489 988 1535 <m
1008 1490 1035 1534 ).
1108 1487 1222 1525 Porro
1254 1486 1372 1525 schola
1400 1487 1532 1525 vetusta
1565 1499 1625 1535 per
1651 1486 1834 1533 propriam

247 1549 517 1596 respirationem
548 1558 672 1583 aerem
690 1549 725 1583 in
746 1548 965 1585 ventriculos
985 1548 1179 1585 anteriores
1200 1547 1337 1585 cerebri
1355 1548 1494 1588 venire,
1527 1546 1562 1582 δι
1589 1544 1781 1583 animalem
1798 1544 1835 1579 in

246 1607 408 1658 spiritum
439 1607 535 1643 abire
561 1605 611 1652 (n
636 1607 654 1653 )
687 1605 823 1642 docuit.

307 1661 436 1703 Parum
461 1668 498 1703 in
528 1677 565 1702 re
597 1664 667 1714 ipsa
695 1663 814 1701 differt
847 1664 955 1702 altera
994 1663 1195 1701 Gnmx
1238 1664 1388 1715 opinio,
1431 1664 1493 1712 qui
1521 1668 1646 1711 praeter
1674 1661 1835 1709 spiritum

248 1724 436 1763 animalem
477 1726 515 1762 in
562 1724 701 1761 cerebri
733 1723 964 1766 ventriculis,
1006 1733 1051 1760 ex
1097 1735 1176 1760 aere
1206 1734 1270 1772 per
1305 1734 1406 1760 nares
1452 1721 1640 1772 inspiratos
1684 1731 1835 1769 genera-

1755 1787 1836 1817 tum

291 1940 357 1977 (e)
393 1940 434 1970 Le
453 1940 475 1970 C
489 1950 507 1970 A
519 1949 539 1969 T
572 1941 671 1971 Jlsem.
705 1946 732 1975 p.
747 1946 794 1968 η,
830 1939 877 1977 qui
905 1947 970 1968 eum
996 1938 1134 1968 rectorem
1160 1936 1289 1973 spiritum
1329 1938 1356 1968 ἀ
1381 1945 1447 1968 cum
1481 1933 1631 1966 universali
1664 1933 1714 1972 illq
1737 1933 1758 1964 B
1772 1943 1786 1963 s
1799 1941 1830 1963 ι.

249 1991 271 2012 1(
284 1992 300 2010 L
314 1991 330 2010 x
345 1991 366 2011 Y
379 1991 398 2010 Α
414 1991 432 2009 u
447 1992 463 2010 o
491 1981 662 2018 conjungit,
694 1982 720 2010 ἃ
742 1980 791 2016 ipfi
817 1979 1054 2018 germinationem
1079 1978 1185 2009 tribuit.

291 2020 349 2057 (s)
386 2019 455 2059 Disp.
472 2021 518 2052 lv.
545 2032 572 2052 η.
588 2031 635 2056 ²9-
672 2021 693 2050 B
710 2032 729 2052 0
744 2032 761 2051 a
777 2031 793 2052 ε
809 2029 914 2055 Ltus
940 2028 1017 2058 prop.
1038 2024 1102 2057 158.

290 2063 351 2099 (g)
379 2066 437 2095 Περι
450 2063 504 2097 ιἐρης
521 2073 602 2091 ιὀυιου
623 2069 651 2099 Ρ.
667 2063 716 2100 87.

290 2103 354 2137 (h)
386 2109 410 2137 Ρ-
433 2107 480 2140 37·

289 2144 345 2179 (ἱ)
368 2149 394 2178 Ρ·
409 2148 458 2177 88.

291 2184 364 2223 (ἢ),
380 2184 404 2213 G
419 2194 436 2213 Α
450 2195 466 2213 ι,
479 2193 495 2214 ι
507 2193 535 2213 u.
555 2184 620 2215 util.
639 2182 730 2223 rqspr'r.
1002 2205 1011 2213 .

287 2223 354 2261 (l)
375 2225 399 2254 G
412 2235 431 2253 Α
446 2235 463 2253 ι.
476 2234 490 2253 ι.
506 2233 536 2254 Ν.
552 2224 589 2253 ih.
635 2226 668 2255 Et
692 2232 782 2262 nuper
804 2224 837 2255 L.
860 2225 896 2256 de
924 2223 946 2256 C
962 2233 981 2255 Α
996 2233 1013 2254 r
1026 2233 1045 2255 o
1058 2231 1077 2255 Δ
1098 2224 1166 2254 delle
1185 2223 1299 2265 mff‘te.

289 2265 369 2300 (m)
406 2265 424 2294 P
437 2276 454 2294 L
469 2275 486 2294 υ
499 2273 532 2296 Ψ.
555 2265 591 2294 de
608 2267 702 2302 placit.
720 2263 812 2303 philos
837 2267 865 2296 L.
881 2266 927 2297 lV.
955 2275 978 2296 c.
999 2275 1046 2303 ¹7·

250 2345 273 2376 L
293 2305 363 2377 (Vrii)
393 2305 603 2338 GALtnus
633 2307 745 2338 detail.
769 2304 860 2346 respz‘r.
897 2307 1090 2339 Οηιωςι
1106 2315 1150 2338 us
1179 2309 1316 2344 P-8-18.
1340 2303 1453 2342 μᾶς.
1488 2301 1582 2334 Etiam
1606 2299 1744 2334 Vtut,
1762 2306 1833 2331 urs

278 2369 282 2376 .
354 2368 361 2377 .
390 2355 414 2377 c.
436 2356 463 2377 1.
