1967 2682
246 113 306 147 1v
663 93 1412 141 PtRAEFATIO.

252 209 339 254 pam
373 191 568 237 sumseram
587 223 598 241 ,
643 204 663 234 a
692 189 721 232 P
734 202 764 234 R
777 203 815 236 ΛΕ
829 200 927 234 CEP
941 201 969 232 T
983 201 1014 233 0
1027 201 1091 233 RE
1144 202 1369 234 averteram.
1431 190 1508 235 Sed
1538 206 1583 236 ea
1614 188 1699 235 sunt
1733 191 1771 236 in
1793 207 1838 237 o-

254 256 399 298 mnium
431 253 629 294 manubus.

260 411 264 414 γ
315 361 513 404 Scribebat
550 371 666 413 porro
689 371 790 408 anno
830 371 947 408 1754.
994 354 1034 397 A
1048 367 1175 399 LBIN
1189 368 1218 400 U
1233 371 1249 398 s
1264 388 1275 406 ‚
1319 372 1446 412 neque
1480 359 1704 415 ignorabat,
1745 374 1834 401 nam

255 418 348 475 stepe
383 418 643 460 Praeleetionts
680 430 740 457 eas
768 417 856 454 citat
876 445 886 462 ,
923 416 1050 456 multis
1085 417 1183 470 prius
1228 417 1333 456 annis
1371 430 1524 458 tomum
1567 420 1647 469 ejus
1685 420 1834 472 operis,

256 494 357 522 anno
401 491 521 530 ¹74¹·
568 476 735 516 dicatum
767 472 869 514 fixisse
910 471 1063 515 Comiti
1113 472 1243 516 THO
1258 487 1321 516 MS
1336 486 1348 515 1
1363 487 1393 516 O
1409 506 1421 524 ,
1480 477 1617 518 haeredi
1652 475 1762 518 BOE
1777 488 1831 518 R-

256 549 290 580 H
306 549 333 578 A
349 549 375 577 Α
390 547 444 577 Vl
462 546 498 579 15
516 535 580 590 qui
605 533 626 574 Γ]
646 532 739 574 ferre
758 530 877 587 postet
893 532 1104 573 editionem
1124 529 1332 573 scholarum
1351 531 1401 574 sui
1415 531 1531 575 soceri
1547 566 1556 580 ‚
1581 549 1658 575 non
1676 534 1835 576 videba-

256 608 315 638 tur
335 590 448 636 causae
461 591 653 650 superesse,
669 605 731 633 cur
748 592 812 632 alii
824 605 901 631 non
915 589 1067 632 fet-rent.
1084 589 1398 634 Exstantmecum
1412 590 1618 635 THOMSH
1648 591 1833 648 Epistolae.

317 700 457 743 Altero
484 713 585 741 anno
619 713 740 751 1755·
780 697 951 739 nondum
982 711 1236 751 provocatus,
1282 711 1384 741 certe
1409 714 1486 741 non
1522 700 1603 741 vifis
1647 700 1720 741 illis
1747 703 1837 740 rela-

257 763 405 802 tionilvm
425 760 556 801 nostris
572 789 582 806 ‚
617 758 872 801 ALBXNUS
905 757 998 797 mihi
1026 754 1201 798 vitiosum
1238 757 1287 798 de
1315 759 1518 799 involucro
1538 762 1626 809 (9)
1650 757 1836 800 celluloso

255 821 364 876 penis
413 819 596 871 judicium
639 817 864 871 exprobrat:
908 814 1017 870 quod
1071 816 1229 871 quidem
1279 817 1429 858 interim
1482 819 1587 858 annis
1635 832 1754 870 1747.
1797 821 1833 858 &

264 893 384 930 ¹75¹·
423 876 715 918 emendaveram
745 880 781 915 in
806 878 930 924 primis
957 878 1084 920 lineis,
1121 889 1204 929 quae
1225 877 1262 916 &
1291 873 1375 929 ipsae
1392 874 1597 918 ALBINI
1634 874 1728 930 saepe
1748 889 1836 917 cen-

253 934 375 980 suram
396 933 477 976 sunt
508 946 683 988 expertae.
718 932 811 975 Inde
835 932 883 973 ad
911 930 1057 974 causam
1091 934 1291 974 erectionis
1311 936 1327 983 (
1349 944 1425 984 10)
1461 934 1612 975 transiit.
1674 933 1839 976 Omitto

253 1009 374 1037 voces
397 993 527 1049 passim
563 990 713 1034 summo
740 993 825 1033 viro
857 989 995 1046 elapsas
1013 1022 1023 1040 ‚
1047 993 1176 1047 plenas
1197 993 1350 1035 maximi
1373 998 1623 1043 contemtus(
1645 998 1758 1043 ιώ).

317 1099 472 1146 Vides,
511 1114 618 1155 aeque
649 1085 903 1148 LECTO⁸R‚
950 1111 1154 1154 antequam
1193 1099 1255 1141 vel
1289 1100 1450 1142 verbulo
1479 1098 1755 1144 ALBJNUM
1791 1101 1840 1142 ir-

254 1158 431 1207 ritaffem‚
449 1174 509 1200 me
529 1160 577 1200 ab
601 1173 650 1199 eo
674 1156 884 1212 depressum
903 1156 1005 1200 fuiffe
1018 1189 1030 1207 ,
1052 1172 1232 1199 vexatum
1250 1189 1261 1208 ,
1277 1171 1515 1200 numeratum
1530 1173 1614 1200 cum
1632 1156 1844 1200 miserrimis
1895 1162 1901 1165 ⁷

254 1218 507 1273 scriptoribus.
558 1216 661 1271 Qiae
687 1218 816 1271 postea
839 1213 1017 1272 scripserit
1043 1247 1054 1265 ‚
1092 1231 1172 1272 qno
1192 1217 1239 1257 ab
1275 1218 1404 1259 animo
1442 1217 1483 1259 fit
1513 1216 1700 1273 profestus
1722 1216 1839 1260 Liber

254 1276 321 1320 ΙΙΙ.
341 1275 414 1319 IV.
431 1279 468 1317 &
491 1275 541 1318 V.
568 1290 667 1315 nunc
680 1276 772 1316 nolo
790 1288 961 1330 repetere
975 1305 986 1323 ,
1007 1273 1106 1318 TU
1135 1273 1210 1330 ipse
1239 1276 1357 1317 vides.
1378 1275 1630 1319 incommode
1648 1288 1750 1318 certe
1771 1290 1839 1317 an-

253 1351 308 1379 no
344 1334 696 1389 1754.accidit‚nt
726 1333 1283 1383 WACHENDORHUS,
1319 1335 1355 1374 in
1390 1335 1505 1376 literis
1533 1335 1582 1377 ad
1619 1350 1684 1377 me
1713 1335 1840 1383 datis,

257 1405 556 1450 conquereretur
581 1422 592 1441 ,
621 1393 762 1432 nullam
789 1389 841 1432 sui
880 1394 1116 1433 mentionem
1144 1392 1276 1433 fastam
1300 1391 1372 1433 effe
1397 1394 1434 1432 in
1449 1391 1700 1447 descriptione
1719 1407 1837 1442 nova,

255 1467 333 1508 qua
363 1451 620 1494 membranam
649 1451 870 1505 pupillarem
892 1448 1141 1505 ALBINUS
1170 1452 1207 1491 in
1233 1449 1275 1493 L.
1297 1448 1326 1491 Ι.
1356 1450 1617 1506 proposuisset.
1674 1449 1838 1493 Metue-

256 1512 324 1553 bat
355 1512 412 1551 vir
441 1511 635 1564 optimus,
671 1511 707 1548 <Sc
736 1509 838 1548 idem
865 1510 900 1547 in
932 1523 993 1549 me
1023 1509 1160 1549 transiit
1186 1522 1335 1557 metus,
1385 1523 1432 1550 ne
1457 1523 1539 1564 quae
1571 1511 1700 1551 nostro
1727 1509 1840 1551 labo-

257 1584 299 1612 re
333 1570 487 1624 ingenui
519 1565 807 1614 inwfflffemus,
850 1566 899 1606 ab
933 1567 1153 1606 hominibus
1186 1580 1324 1621 parum
1338 1568 1455 1621 aequis
1492 1569 1543 1609 ita
1584 1569 1841 1609 tribuerentur

258 1629 510 1674 ALBINO,
554 1624 589 1667 se
609 1624 726 1666 solum
750 1627 943 1666 auctorem
978 1626 1183 1679 excitanti,
1225 1637 1265 1666 ut
1306 1625 1474 1680 denique
1508 1641 1638 1680 parum
1669 1626 1718 1668 de
1756 1627 1838 1668 die-

258 1688 331 1728 bus
353 1691 536 1739 annisque
556 1683 689 1724 curiosi
709 1713 718 1731 ,
756 1697 826 1724 nos
854 1683 1036 1724 haberent
1061 1698 1131 1738 pro
1151 1684 1348 1738 plagiariis.
1416 1682 1505 1735 Ejus
1540 1698 1661 1726 metus
1688 1684 1837 1725 dudum

257 1740 552 1799 exempladedi
571 1742 718 1797 aliqua,
750 1743 786 1781 in
817 1743 955 1796 quibus
989 1740 1166 1794 potuisset
1191 1741 1447 1784 ALBINUS
1496 1743 1620 1798 aliqua
1657 1755 1745 1784 ante
1777 1740 1839 1784 sua

258 1818 350 1846 meo
377 1802 502 1844 studio
531 1801 634 1843 edita
657 1801 771 1841 citare
796 1801 834 1840 in
870 1796 936 1840 suo
968 1800 1088 1849 libro,
1124 1814 1204 1856 quo
1240 1801 1380 1840 multos
1402 1802 1518 1850 citat,
1552 1801 1678 1842 laudat
1700 1831 1710 1848 ,
1742 1815 1829 1842 cen·

258 1861 404 1916 setque.
452 1859 602 1914 Neque
630 1871 749 1900 vanus
778 1857 849 1898 fuit
876 1872 999 1900 metus
1020 1862 1092 1901 (ΊΙ
1118 1863 1149 1908 ).
1208 1857 1315 1900 Nam
1341 1856 1484 1900 disertis
1517 1860 1643 1900 verbis
1676 1858 1838 1901 ALBI-

259 1931 363 1963 NUS
400 1916 585 1972 discipulis
610 1915 679 1957 suis
713 1917 901 1964 detrahit,
942 1931 1181 1971 quaecunque
1223 1918 1315 1957 oiim
1348 1918 1382 1957 in
1411 1915 1546 1958 scholis
1591 1916 1661 1958 suis
1693 1932 1838 1971 propo-

260 1975 371 2022 suerit
401 1983 416 2028 (
437 1983 505 2020 ιι*
521 1980 552 2026 ).
605 1974 748 2027 Quid?
771 1977 884 2017 etiam
911 1975 937 2017 fi
963 1990 1014 2018 eo
1039 1989 1142 2017 anno
1169 1990 1249 2017 non
1275 1975 1437 2025 docuit,
1472 1990 1552 2032 quo
1569 1977 1604 2017 ei
1639 1977 1708 2016 viri
1745 1989 1835 2016 eum

919 2040 921 2042 ’
1679 2033 1839 2077 audive-

299 2156 387 2195 (9)
421 2155 454 2185 L.
468 2154 504 2185 11.
529 2165 556 2194 p.
569 2163 618 2195 4²·

301 2197 314 2232 (
335 2197 399 2231 ¹0)
426 2206 452 2234 p.
467 2201 513 2233 78-
1123 2231 1130 2239 ⁵
1154 2231 1162 2238 .

301 2237 402 2273 (10*)
432 2235 588 2274 Phyfiologi
611 2234 705 2273 quales
730 2242 807 2264 nunc
826 2233 935 2264 dantur.
951 2232 1043 2263 Locus
1067 2231 1183 2262 excidit.

300 2278 394 2313 (ιι)
419 2277 490 2307 Vide
510 2276 605 2306 similia
628 2276 663 2306 ab
689 2276 868 2306 ΛΝοΝΥΜο
893 2275 922 2304 in
942 2275 1066 2313 Gotting.
1082 2273 1203 2311 Anzeig.
1231 2271 1318 2311 1756.
1346 2279 1375 2302 n.
1397 2279 1461 2311 ¹09·
1485 2270 1627 2302 adnotata.

302 2317 403 2357 (11²⁴)
428 2327 578 2356 p.10.u.
604 2317 659 2349 &a
