1849 2680
159 115 242 159 596
415 103 418 106 ⁴
664 76 1283 150 ADVDENDA.

151 205 236 254 Ejus
274 218 351 254 pars
386 204 535 243 inferior
564 206 601 243 in
638 204 741 245 fovea
772 205 881 246 ovalis
925 207 959 244 &
996 209 1167 250 cinerea,
1202 219 1282 257 pars
1319 204 1480 256 superior
1510 205 1663 256 gemella
1702 207 1739 248 &

152 267 230 304 alba
261 267 333 308 est,
364 266 482 303 scroto
518 265 646 302 fimilis.
692 265 694 269 ⁴

213 325 267 362 Ab
297 338 336 362 ea
369 338 478 373 porro
499 325 667 372 glandula
691 325 764 362 duo
778 320 962 372 pedum-uli
995 327 1134 363 corticei
1165 325 1364 364 antrorfum
1396 325 1641 369 adscendunt,
1695 327 1733 365 &-

152 397 278 422 eorum
308 384 453 433 quisque
486 384 624 421 accedit
650 386 692 421 ad
727 397 878 422 nervum
917 384 1142 423 olfatiorium
1162 414 1170 428 ‚
1200 386 1243 422 de
1272 386 1334 423 suo
1357 386 1548 423 tuberculo
1578 385 1739 424 inferiori

152 445 395 494 prodeuntem
417 470 427 485 ,
458 455 526 492 qua
559 456 657 480 nunc
687 446 842 481 maxime
881 444 1108 482 commissura
1137 456 1265 492 magna
1306 448 1425 493 optica
1456 445 1666 493 adaptatur,
1700 452 1742 482 ut

152 505 307 540 omniuo
339 502 467 551 triplex
503 502 678 540 olfactorii
700 505 800 541 nervi
829 505 936 552 origo
966 502 1034 548 sit,
1069 516 1087 541 a
1120 503 1289 552 glandula
1317 505 1495 554 pituitaria
1513 530 1523 546 ,
1548 503 1741 541 tuberculo

150 562 342 603 inferiori,
379 563 414 598 &
446 561 628 609 superiori.

208 620 248 658 ln
280 623 449 658 omnibus
468 648 477 661 ‚
511 633 602 669 quos
625 619 725 662 vidi,
758 619 913 668 piscibus
940 619 1100 658 adsident
1125 622 1293 670 utrinque
1320 620 1515 658 tuberculis
1550 619 1742 658 olfastoriis

150 680 381 717 inferioribus
413 680 486 717 duo
518 680 582 717 alia
602 708 611 722 ‚
643 692 721 728 quae
753 681 836 716 dico
865 678 1092 728 renfformim
1124 680 1255 717 habent
1291 682 1387 716 enim
1423 679 1563 726 obliqui
1588 679 1681 715 renis
1702 678 1743 716 fi·
1792 680 1797 685 '

150 750 299 787 guram,
336 750 419 775 cava
445 738 597 781 eadem,
635 740 670 775 &
714 740 835 781 intus,
871 748 909 776 ut
949 739 1115 781 thalami,
1170 738 1354 777 vasculosa.
1408 737 1610 776 medullam
1642 737 1741 776 suam

149 799 194 836 ad
223 798 354 834 medias
386 798 575 835 columnas
610 797 796 834 inferiores
826 798 973 834 addunt.

209 856 300 893 Non
331 857 394 893 alia
416 869 528 905 porro
545 857 729 893 tubercula
748 856 826 894 sunt
852 855 1045 898 inferiora,
1079 855 1137 893 sed
1165 856 1343 895 columnae
1358 855 1436 894 duae
1454 884 1463 899 ‚
1498 862 1537 894 ut
1558 854 1738 904 superius,

149 916 316 964 interque
327 929 381 953 eas
399 917 651 954 columnarum
672 915 895 963 superiorum
911 917 946 952 &
969 916 1180 953 inferiorum
1207 916 1387 952 intervalla
1403 944 1413 958 ,
1442 915 1511 952 five
1529 914 1633 951 latera
1647 926 1744 951 cere-

150 975 229 1017 bri,
247 976 291 1010 de
314 976 444 1022 quibus
469 975 641 1022 posterius
658 1002 668 1016 ,
695 987 801 1022 quam
825 975 994 1017 thalami,
1018 987 1214 1012 nervorum
1233 976 1327 1023 paria
1355 976 1516 1023 quinque
1544 973 1740 1021 prodeunt.

216 1034 385 1070 colmanne
416 1046 500 1070 vero
528 1034 643 1070 mediae
669 1031 854 1081 inferiores
890 1035 1018 1081 pariter
1057 1034 1194 1070 calamo
1214 1034 1507 1080 distinguuntur,
1541 1044 1649 1080 quem
1667 1030 1744 1080 pas-

149 1092 212 1130 fim
240 1092 335 1130 fibrae
370 1091 569 1129 transversae
607 1092 947 1139 supergrediuntur,
985 1092 1022 1128 δι
1055 1091 1117 1129 sub
1146 1091 1225 1140 ipsis
1259 1092 1451 1129 tuberculis
1484 1090 1742 1128 reniformibus

150 1151 372 1189 luculentam
395 1151 527 1188 hubent
551 1150 817 1188 commissuram
853 1150 1069 1192 inferiorem.
1120 1149 1280 1188 Latiores
1316 1152 1470 1187 anterius
1500 1150 1579 1187 sunt
1607 1148 1660 1186 hae
1684 1153 1745 1186 co'-

148 1210 283 1248 lumnae
301 1238 311 1253 ,
344 1211 379 1246 δι
407 1211 443 1246 in
470 1218 625 1259 quatuor
655 1209 772 1247 fascias
800 1209 1023 1247 dividuntur.
1080 1208 1210 1246 Earum
1247 1211 1433 1247 interiores
1455 1211 1582 1247 iterum
1611 1210 1743 1255 partim

149 1271 299 1306 interius
322 1277 495 1319 teguntur
518 1269 711 1306 tuberculis
727 1296 736 1310 ,
774 1280 852 1316 quae
884 1268 999 1306 modo
1017 1269 1223 1310 nominavi,
1256 1280 1347 1316 aque
1365 1267 1444 1316 ipsis
1473 1279 1518 1305 ex
1549 1274 1646 1316 parte
1667 1264 1743 1304 nis-

148 1338 308 1371 cuutur,
348 1330 477 1377 partim
513 1328 669 1364 exterius
726 1326 889 1365 desinunt
934 1328 971 1364 in
1013 1326 1189 1364 thalamos
1227 1339 1357 1369 veros,
1395 1328 1432 1364 δε
1477 1339 1515 1364 ea
1558 1326 1637 1364 sede
1681 1327 1743 1364 de-

148 1387 279 1426 fluunt.
329 1386 531 1424 Exteriores
573 1387 681 1423 finem
716 1386 848 1424 hibent
887 1388 979 1423 circa
1023 1388 1204 1435 originem
1233 1398 1430 1423 nervorum
1483 1385 1738 1434 posteriorum.

212 1447 363 1484 Inferius
398 1446 452 1483 hae
483 1446 617 1483 eaedem
652 1445 831 1483 columnae
857 1447 1058 1488 uniuntur,
1103 1457 1172 1494 qua
1210 1445 1369 1495 superius
1407 1444 1593 1482 tubercula
1627 1444 1745 1482 striata

148 1504 196 1544 ad
226 1517 327 1543 crura
358 1506 526 1544 cerebelli
552 1504 813 1546 adnascuntur.
848 1506 972 1554 ibique
997 1506 1120 1553 aliquo
1145 1504 1257 1552 spatio
1278 1503 1433 1541 calamus
1463 1496 1610 1540 inferior
1636 1496 1744 1540 inter-

149 1566 354 1612 rumpitur,
380 1572 495 1613 ponte
527 1563 624 1611 quasi
655 1564 770 1606 satio,
798 1575 874 1612 quo
904 1563 1014 1601 fasciae
1047 1565 1241 1600 exteriores
1279 1564 1316 1600 in
1347 1573 1470 1600 arcum
1490 1562 1744 1600 circumdueiae

149 1623 215 1660 sub
232 1624 370 1659 calamo
398 1622 431 1658 se
456 1620 649 1659 decuffant.
684 1622 786 1657 Idem
811 1623 966 1657 calamus
995 1623 1103 1669 paulo
1128 1622 1208 1671 post
1233 1622 1413 1658 restitutus
1429 1647 1439 1660 ,
1468 1633 1531 1668 ρει·
1547 1619 1743 1659 medullam

149 1680 322 1731 spinalem
359 1680 498 1729 pergit,
536 1679 571 1716 &
595 1679 657 1717 ubi
680 1689 780 1716 nunc
813 1678 968 1715 medulla
1003 1677 1142 1725 spinalis
1169 1679 1304 1726 incipit.
1352 1677 1491 1734 Obtuse
1515 1678 1744 1727 quadrangu-

150 1740 262 1778 larem
295 1740 431 1777 faciunt
467 1738 676 1777 columnam
696 1765 705 1780 ‚
741 1737 843 1784 cujus
870 1737 1070 1790 superiores
1099 1737 1278 1777 columnae
1302 1736 1383 1776 sunt
1415 1749 1435 1776 a
1461 1738 1625 1777 cruribus
1647 1749 1744 1785 cete«,
1804 1756 1808 1760 -

150 1799 238 1839 belli
258 1811 269 1847 ;
297 1797 486 1839 inferiores
501 1825 512 1842 ,
546 1808 634 1848 quas
659 1796 827 1835 diximus.

528 1999 751 2042 FINIS
800 2000 1003 2044 TOM1
1053 2000 1371 2046 QUARTI-

1760 1551 1771 1567 N
