1957 2630
517 100 871 146 SECTVI.
960 106 1276 150 NERV
1336 111 1362 150 I.
1619 121 1698 158 243

586 213 613 258 §.
650 214 848 255 XXXV.
916 215 1038 255 Nervi
1069 221 1224 257 cervicis.

178 322 368 373 Postquam
403 324 438 360 in
470 324 697 362 cervicalium
730 337 925 364 nervorum
951 339 1143 365 numerum
1178 328 1359 365 decimum
1397 327 1451 365 W
1471 341 1551 366 1LL
1573 342 1585 366 r
1602 342 1700 367 SIA0'

118 394 220 419 xum
252 384 471 431 recepimus,
512 384 595 421 0610
619 384 688 430 (s)
728 387 915 434 oportebit
954 398 1139 424 numerare
1178 389 1322 425 cervicis
1346 390 1474 436 paria,
1537 401 1696 437 quorum

117 442 306 490 quodlibet
343 441 443 490 supra
473 445 735 491 cognominem
770 446 970 483 vertebram
1005 446 1150 494 prodit,
1196 447 1360 493 adeoque
1393 447 1556 487 oeiavum
1595 447 1697 497 supra

116 502 266 548 primam
289 502 447 539 costam:
478 503 565 540 infra
595 515 672 540 enm
706 505 801 542 enim
829 505 996 548 costales,
1035 505 1199 554 adeoque
1231 506 1383 543 dori'ales
1414 519 1542 544 nervos
1572 519 1698 545 nume-

115 563 181 597 rari
208 559 399 610 simplicius
432 562 679 610 videtur(t).

174 618 383 658 Commune
432 624 548 659 nervis
597 623 743 659 cervicis
791 623 839 660 est
858 652 867 665 ,
940 622 1062 660 multis
1101 621 1239 660 fibrillis
1298 624 1458 661 constare
1491 624 1597 672 (u),
1660 627 1699 663 δε

114 681 267 727 grandes
292 680 387 727 effe(
408 682 485 727 x),
520 689 559 718 ut
591 683 651 717 vix
679 682 721 718 ab
748 681 822 718 aliis
864 681 942 719 ullis
988 694 1033 719 ex
1071 683 1226 720 medulla
1259 682 1380 732 spinali
1429 684 1697 731 prodeuntibus

114 739 349 788 superentur:
395 740 478 776 hino
501 740 559 777 lati
594 742 699 777 etiam
735 740 839 783 sunt,
884 750 923 779 ut
953 742 1191 791 quadranguli
1218 743 1261 779 ad
1297 751 1492 791 utrumque
1525 745 1598 780 axis
1623 756 1699 780 me-

111 799 218 836 dullae
245 799 334 836 latus
360 799 536 848 prodeant
553 800 637 846 (y).
675 799 810 837 Eorum
837 812 948 849 porro
967 801 1128 843 fibrillae,
1151 809 1278 850 praeter
1301 804 1407 850 primi
1423 801 1546 844 fibras,
1576 802 1697 839 radio-

110 869 191 896 rum
227 858 298 895 fere
325 859 368 895 ad
401 871 538 896 morem
566 866 795 907 convergunt
830 860 934 907 (z),
981 869 1022 898 ut
1067 860 1239 909 supremae
1284 860 1522 904 descendant,
1566 861 1693 900 mediae

91 918 314 965 ,transversae
338 917 405 955 fint
420 946 429 960 ‚
469 917 683 955 adscendant
704 920 783 955 imae
806 919 896 966 (a).

171 977 312 1026 Magis,
345 989 452 1026 quam
479 979 516 1013 in
544 977 679 1026 reliqua
706 977 864 1016 medulla
893 978 1017 1026 spinali
1045 978 1228 1016 transversi
1251 978 1340 1016 sunt.
1408 978 1604 1018 Adscendit
1625 981 1700 1028 pri-'

109 1048 188 1074 mus
207 1065 216 1079 ‚
262 1046 418 1086 quatuor
444 1036 502 1074 alii
541 1036 614 1073 fere
643 1036 827 1075 transversi
866 1038 1042 1075 incedunt
1059 1036 1135 1086 (h)
1154 1066 1164 1081 ,
1199 1037 1386 1076 inferiores
1403 1038 1552 1087 paulum
1577 1040 1696 1076 omni-

109 1108 159 1133 no
192 1095 436 1138 descendunt,
469 1102 507 1133 ut
529 1097 599 1133 ima
629 1095 717 1133 fibra
750 1104 868 1134 tamen
903 1097 1096 1134 transversa
1125 1096 1165 1135 fit
1186 1097 1265 1143 (c).
1343 1097 1436 1135 Alias
1469 1110 1597 1136 omnes
1628 1096 1698 1135 ho-

107 1157 241 1192 rizonti
275 1156 430 1205 paralleli
451 1155 633 1204 prodeunt
652 1156 708 1202 (d
723 1156 753 1204 ).

167 1214 260 1252 Cum
290 1215 427 1252 fibrillae
451 1214 515 1252 fibi
538 1217 662 1253 vicinae
690 1214 756 1251 {int
775 1230 801 1257 ‚s
825 1214 992 1264 frequens
1020 1215 1070 1253 est
1090 1244 1100 1259 ,
1162 1215 1321 1254 infimam
1358 1215 1483 1253 fibram
1512 1217 1613 1253 nervi
1641 1215 1697 1255 su-‘

109 1275 258 1322 perioris
287 1275 330 1311 ad
358 1274 562 1312 fasciculum
587 1276 755 1324 proxime
786 1274 964 1312 inferioris
986 1276 1087 1312 nervi
1115 1276 1293 1313 accedere.
1360 1275 1436 1325 lpse
1467 1275 1693 1325 primus(e)

110 1332 274 1371 fibrillam
305 1333 347 1370 ad
380 1333 577 1371 secundum
604 1346 680 1370 non
710 1346 790 1370 raro
829 1334 959 1377 mittit,
995 1334 1127 1371 deinde
1151 1335 1209 1371 alii
1226 1333 1308 1382 (f).

170 1391 405 1439 Singulorum
429 1404 526 1428 nunc
555 1404 674 1428 ramos
696 1391 857 1440 persequi
878 1405 955 1429 non
988 1393 1068 1429 finit
1105 1393 1216 1429 nostri
1248 1394 1367 1444 operis
1406 1395 1506 1429 ratio.
1573 1392 1696 1431 Trun-

109 1462 172 1487 cos
187 1457 304 1488 tamen
324 1451 488 1497 majores,
527 1462 616 1500 quos
631 1452 731 1487 nervi
750 1451 938 1488 cervicales
957 1452 1186 1500 producunt,
1221 1461 1408 1500 utcunque
1420 1451 1636 1489 enumerasse
1653 1452 1694 1490 li-

82 1500 86 1504 *
110 1510 212 1548 cebit.
279 1507 529 1549 Am‘iculurem
557 1521 575 1547 a
601 1509 760 1547 secundo
792 1510 828 1547 δε
862 1512 968 1548 tertio
998 1511 1060 1549 suo
1096 1511 1180 1548 loco
1201 1509 1284 1561 (g)
1313 1521 1549 1560 exponemus.
1586 1510 1694 1548 Phre-

962 1569 998 1609 H
1020 1570 1045 1607 h
1111 1581 1134 1608 2
1568 1571 1694 1610 uicum

151 1675 212 1711 (ς)
245 1674 272 1705 Η
283 1682 306 1704 υ
318 1686 332 1705 13
344 1686 359 1705 n
371 1684 392 1706 n
414 1684 441 1714 p.
459 1684 505 1713 70.
559 1676 700 1714 Antiquos
742 1677 871 1706 auetores
914 1675 1021 1706 excitat
1053 1677 1094 1706 vir
1125 1675 1168 1706 Cl.
1205 1675 1228 1705 C
1240 1685 1258 1705 A
1272 1683 1293 1705 R
1305 1686 1318 1704 ι’
1333 1686 1346 1705 ιι
1360 1685 1381 1705 Ν
1393 1685 1404 1706 s
1418 1685 1431 1705 Ε
1446 1686 1468 1705 Μ
1508 1685 1532 1711 p.
1559 1674 1694 1705 CCCCC.

111 1715 257 1746 CCCCCl.
279 1717 304 1745 ὃι
331 1717 408 1746 alios.
456 1716 550 1754 Vulgo
578 1716 685 1754 septem
714 1726 794 1755 pares
821 1724 994 1751 numerant,
1031 1717 1145 1747 excluso
1161 1716 1276 1754 primo:
1314 1717 1347 1747 ld
1371 1716 1530 1747 tenendum
1550 1738 1558 1751 ‚
1594 1722 1625 1745 ut
1652 1716 1694 1745 in-

110 1758 270 1795 telligamus
298 1756 342 1787 Cl.
365 1757 440 1787 viros
455 1778 463 1792 ‚
500 1757 549 1794 qui
570 1757 600 1786 in
619 1757 781 1788 universum
809 1758 931 1796 primum
966 1758 1115 1787 nominant
1130 1779 1137 1794 ‚
1174 1766 1259 1795 quem
1297 1766 1349 1788 nos
1382 1757 1557 1792 secundum,
1592 1758 1620 1787 ἀ
1657 1756 1695 1787 fic

110 1798 256 1836 deins-eps.

150 1841 211 1874 (t)
239 1837 388 1868 Confer-«tit
419 1837 480 1867 Ηυ
493 1849 507 1867 s
523 1848 537 1868 a
552 1848 567 1866 κ
581 1847 626 1868 us
651 1848 683 1876 p.
701 1841 747 1875 69.
766 1847 813 1875 70.

151 1881 214 1914 (ιι)
239 1879 348 1907 llussm
372 1879 392 1908 f.
408 1888 433 1907 2.
472 1878 566 1909 Fascio
590 1878 650 1909 Vll.
678 1878 734 1908 tab.
750 1887 777 1917 4.
795 1889 822 1916 ς.

147 1920 216 1957 (x)
239 1919 384 1949 Hazza
412 1919 479 1949 ibid.

151 1960 226 1998 (y)
256 1960 398 1990 Henna
425 1960 493 1989 ibid.

151 2002 222 2036 (z)
247 2000 303 2030 Hu
321 2011 366 2030 ΒΕ
383 2010 410 2036 n,
432 2002 459 2030 δι
483 2000 570 2030 etiam
600 2001 959 2039 magis-vinosum
987 2001 1043 2032 tab.
1064 2011 1110 2033 20.
1136 2002 1154 2032 f.
1170 2011 1196 2032 2.

150 2043 215 2078 (ιι)
231 2040 333 2071 fascic.
351 2040 414 2072 Vll.
438 2040 456 2070 1.
475 2051 498 2072 c.
538 2041 623 2071 Certe
646 2042 684 2072 ad
711 2050 863 2081 quartum,
894 2044 962 2074 alias
977 2044 1100 2083 longius,
1126 2043 1149 2073 V
1163 2051 1174 2070 1
1189 2053 1203 2073 ε
1215 2052 1236 2073 υ
1249 2050 1284 2073 ss
1296 2051 1342 2073 nr
1354 2051 1367 2073 s
1393 2041 1449 2075 tab.
1467 2052 1514 2074 20.
1533 2042 1554 2074 f.
1568 2050 1595 2074 2.
1622 2040 1693 2078 M1÷

109 2090 358 2113 ετιεῌιιιιι
388 2081 444 2112 tab.
467 2091 491 2111 1.
513 2081 532 2112 f.
553 2092 578 2112 1.
596 2091 622 2112 2.

149 2123 218 2159 (b)
245 2121 263 2152 1.
280 2132 304 2152 c.
332 2122 387 2152 tab.
403 2131 430 2159 4.

151 2171 165 2199 ς
178 2164 220 2200 c)
247 2161 317 2193 thid.
355 2165 377 2194 A
405 2163 524 2201 septimo
543 2163 581 2193 >H
594 2172 645 2194 us
660 2172 709 2194 nn
735 2174 762 2203 p.
780 2170 828 2201 48.

151 2204 217 2240 (d)
247 2202 319 2234 Tab.
338 2214 364 2240 ς.
389 2203 480 2234 fascic.
500 2204 561 2235 VIl.

152 2245 216 2280 (e)
247 2244 396 2274 Husssn
419 2254 445 2282 p.
464 2254 509 2280 24.
539 2246 566 2276 δι
599 2244 617 2276 f.
636 2254 662 2276 2.
678 2244 707 2274 k.
745 2246 880 2277 Asca!
899 2254 926 2282 p.
946 2253 990 2286 38.
1028 2247 1104 2279 Fasc.
1122 2246 1182 2278 vn.
1213 2247 1271 2279 tab.
1288 2256 1316 2282 4.

150 2283 214 2322 (f)
235 2285 261 2315 H
274 2293 346 2314 unu
359 2295 376 2314 a
405 2285 422 2314 f.
440 2295 466 2316 2.
482 2287 509 2316 δι
523 2297 549 2324 ρ.
564 2294 612 2325 44.
627 2295 646 2324 4
669 2309 676 2316 .
695 2287 810 2317 tertium
825 2309 832 2322 ,
856 2296 988 2327 quartum
1001 2312 1009 2324 ‚
1031 2291 1164 2327 quintum
1178 2311 1186 2326 ,
1217 2290 1361 2319 octavum.
1403 2287 1467 2325 Ego
1495 2285 1530 2317 ad
1557 2285 1692 2325 primum.

109 2325 455 2405 ςυὲηιυῗτίΐεῧὲἱωυιὲτ
466 2327 521 2358 tab.
542 2338 571 2367 ιι,
603 2328 625 2360 Δ
703 2334 782 2361 xtum
810 2338 900 2369 usque
925 2330 950 2361 V
963 2341 973 2362 1
984 2340 1003 2362 s
1016 2340 1035 2362 υ
1048 2340 1061 2362 s
1072 2341 1083 2362 s
1095 2341 1112 2363 ε
1125 2340 1145 2361 »r
1159 2340 1171 2361 s
1186 2353 1194 2368 ‚
1213 2329 1250 2362 ad
1265 2338 1367 2363 omnes
1386 2328 1436 2361 Rs
1447 2338 1466 2360 υ
1481 2337 1525 2360 ιι
1538 2337 1557 2359 x
1587 2327 1643 2358 tab.
1663 2337 1696 2360 1.-

176 2377 195 2406 g
279 2392 284 2399 .
375 2377 412 2398 au
432 2378 442 2398 ι
457 2377 487 2399 u.
