1905 2640
182 123 206 147 Θ

262 151 338 179 122
513 140 733 180 LIB.X.
800 140 1185 182 CEREBRUM
1232 140 1313 181 ET
1355 140 1579 182 NERVI.

255 238 281 274 ti
309 237 400 285 paris
430 249 531 275 ramo
565 238 720 274 radicem
753 238 797 275 ad
820 250 970 276 nervum
1004 237 1266 276 intercostalem
1299 237 1525 276 deduxerint.
1590 237 1674 276 Adit
1700 251 1833 292 nempe

253 297 423 344 quintum
452 309 533 345 par,
576 296 797 346 sympatliico
827 300 1015 346 proxima,
1062 299 1097 334 Sc
1129 309 1212 335 curn
1245 297 1391 345 singulis
1421 298 1537 347 quinti
1572 299 1662 346 paris
1696 303 1831 339 truncis

251 355 430 393 ramulum
464 357 615 398 emittit,
654 358 774 406 quales
811 369 895 394 cum
925 356 1086 395 secundo
1113 357 1146 393 δι
1176 358 1284 393 tertio
1316 358 1423 394 etiam
1455 368 1498 393 ex
1524 358 1647 393 cranio
1683 367 1827 402 exeunt,

252 415 294 450 iis
344 414 555 457 inosculati,
613 417 675 464 qui
712 428 730 453 a
792 416 967 453 maxillari
1030 418 1168 452 interna
1212 417 1335 453 arteria
1383 416 1588 453 adveniunt.
1663 417 1831 455 Anterior

251 473 357 509 etiarn
390 473 555 516 sextum,
591 476 758 516 tertium,
794 476 829 512 δε
861 483 1028 524 quartum
1061 486 1212 512 nervum
1243 474 1389 512 surculis
1418 475 1502 512 adit.
1570 474 1680 513 Durae
1717 489 1830 513 niem-

250 532 368 567 branae
400 533 639 583 receptaculi,
671 534 706 569 &
736 532 858 571 fiffurae
883 533 1110 582 sphenoideae
1142 532 1337 583 prospicit,
1385 534 1421 570 ἅτ
1463 533 1614 571 demum
1651 535 1829 584 glandulae

248 591 558 640 pituitariae(n),
594 591 657 628 nili
691 593 719 628 is
755 592 913 630 surculus
947 592 1119 640 peculiari
1155 591 1326 628 trunculo
1357 593 1482 629 oritur.

672 702 703 743 ᾗ.
740 698 898 737 Vllll.
964 699 1109 735 Arteria
1140 698 1383 746 ophthalmica.

307 805 467 848 Primus,
505 818 614 855 quern
642 809 770 843 carotis
808 808 933 844 arteria
964 818 1081 844 ramus
1111 806 1208 848 edit,
1249 807 1437 856 postquam
1474 807 1572 844 durae
1608 809 1825 848 membranae

247 863 415 900 laminam
440 867 616 902 internam
652 865 870 913 perforavit,
923 866 964 902 ad
1002 866 1095 914 ipsos
1140 864 1320 913 proceffus
1358 866 1562 903 clinoideos
1600 870 1822 912 anteriores,

247 922 477 968 ofhtlmlmica
506 924 553 959 est
578 924 656 971 (ο)
695 927 841 966 arteria,
887 925 988 970 cujus
1023 926 1223 973 praecipuos
1266 935 1385 960 ramos
1416 936 1492 960 non
1541 925 1632 963 bene
1666 927 1824 972 jacobus

244 980 422 1026 Benignus
450 980 843 1030 W1NSLow(p),
895 985 947 1019 vir
967 993 1103 1031 optime
1134 985 1178 1019 de
1209 991 1378 1019 anatome
1408 978 1575 1025 meritus,
1631 988 1824 1033 propagini

243 1041 377 1076 arteriae
411 1041 599 1077 maxillaris
627 1043 775 1078 internae
810 1042 954 1083 tribuit,
985 1042 1084 1090 quod
1114 1041 1196 1077 ideo
1235 1052 1453 1082 monemus,
1494 1052 1577 1078 cuin
1612 1043 1817 1087 videamus,

244 1098 286 1134 ad
313 1099 555 1136 aucioritatem
593 1102 715 1148 magni
745 1102 809 1137 viri
842 1102 950 1137 etiam
987 1100 1042 1136 his
1071 1099 1150 1147 ipsis
1186 1101 1287 1136 annis
1334 1111 1493 1137 errorem
1531 1102 1645 1148 repeti
1667 1100 1788 1150 (pf)
1808 1131 1818 1145 ,

242 1168 352 1203 quem
382 1167 462 1194 ante
494 1159 621 1206 viginti
653 1159 725 1196 fere
754 1159 962 1205 annos(q)
995 1159 1280 1207 redarguerimus
1300 1186 1309 1200 ,
1384 1158 1419 1195 &
1452 1158 1561 1208 paulo
1596 1159 1677 1208 post
1717 1159 1747 1208 J.
1773 1160 1817 1198 G.

243 1213 278 1251 G
292 1225 311 1250 υ
330 1227 351 1250 N
370 1228 414 1252 zi
434 1229 452 1253 u
469 1229 482 1252 s
503 1217 591 1262 (r).

301 1273 406 1312 Solos
436 1283 554 1312 autem
592 1275 650 1312 hic
676 1287 792 1313 ramos
822 1275 1061 1324 exponimus,
1115 1275 1178 1323 qui
1217 1273 1341 1312 duram
1388 1274 1634 1312 membranam
1667 1275 1812 1315 adeunt.

240 1333 380 1372 Primus
401 1361 411 1376 ,
442 1333 639 1370 lacrumans
674 1334 784 1382 longe
811 1334 1026 1384 plerumque
1058 1333 1312 1383 ophthalmicae
1341 1344 1506 1382 propago
1545 1333 1594 1370 est
1613 1336 1680 1382 (s)
1699 1361 1709 1377 ,
1758 1337 1820 1373 ali-

241 1392 388 1439 quando
419 1400 537 1428 tamen
564 1394 788 1441 meningeae,
827 1404 871 1430 ex
901 1393 1077 1430 maxillari
1105 1395 1244 1429 interna
1279 1400 1371 1429 natae
1399 1395 1480 1439 (t).
1555 1391 1602 1429 Ea
1634 1404 1697 1439 per
1725 1394 1819 1432 fora-

239 1452 349 1487 minis
376 1451 523 1499 quidem
545 1451 649 1488 laceri
679 1452 814 1489 alarum
851 1464 1039 1500 parvarum
1071 1451 1372 1500 sphenoidearum
1410 1459 1612 1488 extremum
1646 1451 1818 1491 recessum

239 1509 394 1545 orbitarn
425 1508 544 1554 subit,
576 1520 686 1557 porro
710 1510 918 1558 glandulam
955 1509 1182 1548 lacrumalem
1219 1511 1364 1547 aditura.
1413 1508 1482 1547 Sed
1505 1509 1540 1545 in
1569 1509 1645 1557 ipso
1674 1510 1819 1548 forami-

237 1580 285 1604 ne
314 1568 458 1610 lacero,
500 1567 627 1604 eadem
662 1580 727 1616 per
755 1570 944 1617 proprium
980 1569 1144 1605 foramen
1163 1568 1252 1615 (u)
1273 1579 1397 1604 earum
1435 1567 1570 1605 alarum
1601 1564 1749 1613 ramum„
1772 1569 1818 1607 ad

237 1627 364 1663 duram
376 1626 624 1663 membranam
648 1627 823 1669 remittit,
862 1634 1131 1675 querntruncus
1157 1637 1422 1674 nonnunquam
1455 1623 1709 1673 ophthalmicae
1726 1635 1817 1665 arte-

237 1686 295 1722 riae
315 1685 395 1722 edit.
460 1684 544 1722 Adit
574 1694 750 1734 perpetuo
770 1685 1036 1734 receptaculum
1051 1712 1061 1728 ,
1099 1685 1134 1722 &
1150 1696 1303 1733 nervum
1319 1685 1487 1733 quintum
1505 1710 1515 1725 ,
1551 1684 1587 1720 &
1603 1684 1646 1721 ad
1662 1666 1815 1723 statorii

1700 1757 1814 1794 usque

275 1899 343 1935 (n)
381 1896 477 1927 Simile
500 1897 567 1935 quid
594 1896 679 1926 habet
704 1892 944 1928 Vruussssus
975 1906 1064 1936 p.44.
1093 1897 1255 1932 tab.17.f.
1276 1905 1299 1926 ι.
1342 1895 1514 1926 Wintrs
1541 1905 1568 1934 p.
1589 1900 1634 1935 58.

274 1940 335 1974 (ο)
359 1938 429 1968 Tab.
457 1938 509 1968 bal.
532 1939 618 1968 cranii
641 1938 656 1966 f
679 1937 695 1966 f.
742 1938 886 1968 Dama
910 1939 966 1968 tab.
984 1948 1030 1969 20.
1057 1939 1090 1969 D,
1107 1940 1139 1971 D.
1179 1939 1332 1968 Gna-rr
1348 1946 1393 1965 ιιι
1423 1936 1478 1966 tab.
1503 1947 1526 1974 3.
1555 1936 1575 1966 f.
1592 1945 1619 1966 2.

272 1981 345 2016 (p)
369 1979 402 2008 T.
427 1979 470 2008 lv.
503 1989 520 2008 n
552 1986 608 2016 297
652 1977 686 2007 T·
707 1978 756 2009 lIl.
784 1984 876 2008 n.60.

273 2021 362 2055 (par)
402 2019 727 2049 Haatnsraarr
757 2016 953 2058 vassungutf
984 2020 1051 2047 ocul.
1094 2018 1332 2048 Lrau'rAuD
1362 2015 1474 2063 pf480.
1532 2016 1809 2049 ΒοΒΝΝΕκεκ

231 2062 330 2090 Frank
368 2061 504 2090 Anmerk.
531 2059 564 2088 T.
583 2058 631 2088 lll.

271 2101 341 2139 (q)
364 2104 514 2130 Comme-nt.
535 2099 687 2129 Boerlmav.
712 2096 746 2129 T.
764 2098 811 2129 IV.
837 2110 863 2138 p.
881 2110 927 2136 9ς.
960 2101 985 2129 ἃ
1009 2098 1042 2128 Τ.
1058 2096 1092 2128 Π.
1121 2109 1149 2136 p.
1169 2105 1232 2136 343·
1274 2094 1370 2127 Fascio
1396 2095 1429 2126 ll.
1463 2102 1522 2127 not.
1546 2107 1574 2126 u.
1600 2104 1602 2106 ’

270 2144 335 2176 (ν)
362 2151 389 2178 p.
410 2150 452 2175 33.
479 2141 585 2169 Primus
608 2149 701 2169 veram
723 2142 859 2178 originem
887 2141 946 2177 ejus
971 2140 1080 2169 arteria:
1103 2140 1174 2169 dixit
1198 2139 1213 2175 J
1244 2138 1384 2174 Philippus
1412 2136 1457 2166 ΙΝ
1476 2147 1494 2165 o
1509 2147 1524 2166 n
1539 2146 1584 2166 As
1600 2146 1612 2167 s
1627 2147 1636 2166 ι
1651 2147 1671 2167 A
1685 2147 1698 2168 s
1727 2140 1806 2168 Com·

227 2189 306 2212 ment
344 2182 376 2210 de
400 2181 471 2217 offib.
500 2190 526 2217 p.
543 2190 589 2216 90.
619 2180 697 2209 conf,
739 2180 838 2211 Fascic.
859 2181 918 2210 vll.
951 2184 977 2217 p'.
997 2189 1030 2216 37
1061 2186 1094 2214 ³5<

270 2223 331 2258 (s)
357 2221 458 2260 Facscic.
473 2220 530 2250 Vll.
561 2231 583 2257 p.
606 2230 640 2257 3)
679 2221 760 2251 Brea
776 2232 844 2251 rm
878 2221 911 2251 T.
927 2220 971 2257 11,
994 2231 1020 2258 p.
1036 2224 1148 2259 9<.96.
1173 2227 1240 2259 373.

269 2264 331 2298 (t)
367 2263 392 2291 A
420 2261 556 2291 maxillari
584 2261 695 2290 interna
719 2261 735 2290 S
752 2272 771 2291 Y
786 2274 801 2291 r,
815 2273 863 2292 VA
888 2272 916 2300 p.
935 2270 984 2295 343
1057 2261 1147 2291 Vocat
1169 2260 1324 2291 anteriores
1358 2258 1472 2288 arterias
1507 2259 1584 2289 durae
1607 2257 1778 2288 membrana!
1794 2281 1802 2295 ‚

227 2303 274 2333 sed
298 2303 352 2332 alio
371 2304 456 2331 modo
482 2302 554 2331 nasci
580 2301 734 2340 intelligit,
770 2305 795 2332 ἃ
817 2312 850 2332 eo
883 2312 938 2339 quo
962 2302 1179 2333 Winstow
1213 2300 1250 2332 T.
1266 2300 1314 2331 ill.
1350 2309 1377 2330 n.
1392 2299 1441 2331 60.
1488 2308 1581 2337 neque
1606 2309 1622 2330 a
1652 2300 1802 2338 meningen

227 2345 354 2374 deducit.
398 2343 439 2373 Ex
467 2343 592 2372 carmide
614 2352 670 2370 non
694 2342 766 2371 bene
790 2343 810 2370 V
827 2352 868 2372 ιΝ
884 2353 903 2371 i<
935 2342 952 2371 f.
971 2352 997 2376 4.
1028 2345 1056 2372 Λ.
1075 2345 1106 2372 Λ.

265 2387 329 2420 tu)
350 2384 427 2414 Duos
450 2393 551 2421 parvos
574 2383 652 2420 piari
679 2382 733 2412 tab.
757 2383 810 2414 bai]
836 2393 912 2415 etan.
939 2391 1027 2420 prope
1048 2391 1101 2420 ²3·
