1885 2650
202 130 282 165 530
501 121 627 160 LIB.
664 120 748 159 XI.
812 116 1053 158 MOTUS
1100 118 1466 160 ANIMALIS.

196 214 374 262 gligentes
404 214 614 253 sensationes
638 215 789 253 leviores
820 226 894 252 non
924 214 1133 266 percipere,
1171 222 1265 253 certe
1299 227 1375 253 non
1402 216 1552 253 retinere
1578 218 1612 255 in
1631 219 1768 257 animo.

179 273 267 313 .Sed
294 274 449 317 adtenti‚
486 276 674 316 meditati,
710 274 870 322 suspenso
896 269 1000 310 'omni
1022 274 1092 311 alio
1121 274 1245 316 sensu,
1281 276 1385 312 etiam
1413 288 1468 312 eas
1511 276 1660 314 leviores
1690 277 1767 315 sen-

195 332 344 370 sationes
374 334 609 382 percipimus,
638 332 840 381 flatumque
886 329 1120 376 leviffinium,
1174 333 1291 371 multo
1321 345 1428 382 quam
1462 336 1647 373 unciarum
1683 348 1769 385 qua·

196 398 280 427 tuor
305 393 482 439 sanguinis
518 394 554 428 in
583 404 645 430 cor
676 392 894 440 inpulsarum
921 400 1150 429 momentum
1173 421 1181 435 ,
1217 392 1402 429 leniorem.
1468 392 1509 430 Et
1534 402 1654 431 tamen
1690 407 1769 432 eam

194 450 231 485 in
254 450 364 487 corde
397 452 631 488 irritationem
652 479 662 493 ,
704 458 763 488 aut
791 449 1026 487 diverfitatem
1058 451 1166 488 ullam
1191 452 1281 487 inter
1312 450 1464 499 systolen
1513 453 1548 489 Sc
1594 451 1769 491 diastolen

194 508 315 546 cordis
345 521 455 547 nemo
481 511 693 559 perceperit.
757 509 826 546 Sed
861 508 1008 545 demum
1034 521 1097 546 cor
1124 509 1302 552 avulsum,
1339 510 1501 548 intestina
1515 512 1655 550 concisa
1687 524 1769 550 mo-

193 575 349 610 ventur,
385 569 529 617 quaudo
552 570 669 606 omnis
699 567 812 605 sensus
843 566 989 615 suspicio
1016 569 1120 605 abest.

252 626 330 672 Qui
362 628 461 674 ajunt
507 627 559 665 Cl.
601 629 687 669 viri.
734 626 993 664 consuetudine
1028 627 1137 664 deleri
1154 626 1405 664 conscientiam
1426 627 1545 673 (m),
1585 628 1768 667 &volun-

190 687 269 722 tatis
305 686 515 736 potestatem
537 715 545 727 ‚
577 699 638 723 eos
668 686 834 723 decuerat
865 685 1081 728 meminiffe,
1122 687 1296 734 imprimis
1322 686 1548 724 stimulorum
1573 686 1769 725 efficaciam.

191 756 209 780 a
239 744 497 782 consuetudine
527 745 646 793 frangi
666 742 684 795 (
702 744 767 789 n).
833 743 875 782 Et
897 754 1014 781 tamen
1042 745 1121 793 post
1151 744 1248 781 mille
1273 745 1454 782 millioncs
1486 745 1651 794 pulsuum
1684 747 1770 785 sano·

191 804 228 839 in
263 803 413 840 homine
434 805 529 841 idem
561 815 624 840 cor
655 804 769 840 nihilo
786 831 795 845 ,
832 815 939 852 quam
963 811 1043 840 ante
1067 815 1129 840 20.
1155 816 1268 840 annos
1296 805 1413 841 minus
1437 805 1485 841 est
1512 805 1691 843 irritabile.

252 861 478 900 Strctstricem
498 864 653 900 animam
682 865 759 911 quis
782 862 926 905 credat,
983 864 1045 912 qui
1082 861 1380 911 imperitissimum
1414 863 1621 901 animalium
1655 866 1768 902 incre>-

191 919 309 958 dibilis
352 922 487 958 artificii
528 934 683 970 corpus,
720 921 869 972 perinde
891 930 930 959 ut
970 921 1256 970 sapientiffimum
1288 922 1517 965 mortalium,
1559 923 1689 961 struere
1717 925 1769 960 vi-

189 978 295 1025 deat3
329 982 390 1028 qui
426 981 560 1017 nullam
583 979 818 1017 diversitatem
853 981 889 1016 in
923 982 1012 1017 reeca
1049 981 1177 1018 fabrica
1210 982 1371 1027 corporis
1410 980 1552 1017 infantis
1579 992 1766 1030 nunquam

188 1037 266 1074 sana
319 1047 439 1075 mente
473 1039 616 1086 ufi(0)
652 1038 788 1080 videat,
846 1040 880 1075 ἂ
922 1039 1062 1076 infantis
1101 1041 1136 1075 in
1174 1038 1477 1076 NEWTONUM
1518 1041 1771 1078 convalituri‘?

189 1096 523 1145 Frequentissimum
547 1098 605 1136 hic
637 1096 724 1133 mihi
757 1097 960 1134 obversatur
994 1100 1116 1134 animo
1162 1097 1370 1145 exemplum
1405 1098 1490 1134 fatui
1532 1101 1673 1145 generis
1701 1099 1768 1135 ho-

187 1157 356 1198 minum,
399 1168 474 1205 quo
507 1152 623 1194 vicina
658 1152 796 1192 Valefia
831 1156 1000 1193 abundat.
1066 1148 1094 1192 Ii
1120 1156 1164 1193 ad
1193 1167 1303 1192 omne
1321 1157 1402 1193 vitae
1421 1155 1586 1194 humanae
1604 1156 1769 1196 officium¹

186 1216 318 1264 inepti,
366 1215 421 1252 vel
454 1216 491 1252 in
529 1217 651 1263 aprico
682 1213 753 1251 sole
789 1213 944 1252 humana
976 1215 1154 1263 dignitate
1190 1214 1378 1251 manifesto
1411 1216 1570 1252 minores
1592 1215 1763 1260 sessitant‚

186 1273 242 1310 vel
295 1275 330 1310 in
375 1273 470 1311 lectis
510 1273 762 1312 cubiculorum
809 1273 881 1310 fere
919 1275 1092 1315 immoti,
1160 1280 1236 1310 tota
1289 1275 1382 1320 vita*
1408 1273 1464 1311 sua
1527 1274 1768 1314 decumbunt.

186 1331 287 1369 Nihil
313 1345 470 1382 unquam
502 1333 589 1369 mihi
624 1332 679 1370 vel
709 1344 729 1369 a
760 1330 869 1369 Poeta
895 1332 1006 1370 visum
1045 1333 1093 1369 est
1139 1333 1257 1370 minus
1303 1331 1473 1369 credibile
1516 1333 1611 1375 dici,
1657 1346 1770 1383 quarn

187 1392 280 1428 hanc
295 1393 443 1435 animae,
478 1392 567 1429 adeo
592 1391 688 1433 sero,
722 1389 813 1428 adeo
842 1391 988 1429 modice
1014 1390 1175 1440 sapientis
1196 1419 1206 1434 ‚
1254 1391 1419 1429 aemulam
1449 1392 1561 1429 divini
1587 1393 1766 1431 Creatoris

182 1451 413 1499 potestatem:
452 1449 474 1486 fi
491 1452 587 1487 enim
606 1450 640 1488 D
660 1449 730 1488 EU
745 1449 766 1486 S
785 1449 918 1498 plantas
932 1452 948 1497 (
962 1458 985 1498 p
1003 1451 1019 1496 )
1034 1450 1235 1492 fabricatur,
1275 1450 1443 1498 digniora
1457 1451 1585 1499 plantis
1607 1453 1762 1490 animata-

183 1521 334 1558 corpora
351 1509 419 1558 ipsa
432 1509 530 1547 struit
550 1509 612 1546 fibi
644 1511 771 1547 anima.
835 1508 912 1554 Qui
927 1520 1092 1557 praeterea
1123 1521 1292 1558 magnam
1314 1507 1413 1546 illam
1425 1509 1596 1547 nascentis
1621 1511 1766 1560 plantae,

185 1568 418 1606 &nascentis
453 1569 612 1606 animalis
642 1568 868 1615 analogiam,
922 1569 964 1616 &⁹
988 1581 1110 1617 parem
1147 1570 1187 1608 iu.
1227 1577 1382 1617 utroque
1418 1569 1492 1606 fetu
1537 1569 1770 1617 expediendo

182 1626 254 1663 fere
288 1627 413 1664 caloris
445 1628 644 1674 potentiam
673 1627 839 1663 cominus
871 1624 1066 1672 speculatus
1107 1626 1233 1666 fuerit,
1281 1625 1467 1674 nunquam
1499 1627 1640 1670 credet,
1671 1629 1756 1664 abs-

183 1697 253 1735 que
272 1687 388 1723 anima
413 1685 549 1735 plantas
573 1684 737 1722 fabricari
764 1682 938 1732 potuiffe,
976 1684 1140 1721 animalia
1174 1695 1249 1720 non
1277 1683 1440 1732 potuiffe.

405 1796 438 1838 ἓ.
480 1791 532 1831 X.
597 1791 723 1830 ,Motus
753 1791 892 1830 aliunde
923 1802 1028 1840 quam
1060 1790 1102 1829 (rh
1136 1793 1254 1828 anima
1286 1794 1377 1830 oriri
1402 1793 1528 1840 potuit.

243 1901 314 1940 Sed
344 1901 500 1951 denique
526 1901 639 1940 etiam
677 1914 696 1940 a
732 1900 949 1951 sapientibus
987 1900 1068 1938 viris
1091 1899 1162 1937 dici
1202 1899 1354 1949 potuisse
1376 1901 1510 1943 miror,
1545 1913 1618 1941 non
1646 1902 1710 1942 effe
1726 1906 1763 1942 in

1609 1973 1766 2012 corpore
1810 1982 1813 1986 ·

221 2065 299 2101 (mx
346 2092 350 2096 .
370 2075 442 2101 520.

223 2107 292 2142 (n)
325 2076 432 2143 pVide,
458 2112 489 2137 ut
514 2106 592 2137 sein
613 2107 670 2138 hoc
693 2112 861 2146 argumento
896 2104 1077 2144 expediendo
1119 2110 1251 2144 torqueat
1279 2105 1304 2142 J.
1338 2104 1449 2136 Gottloh
1474 2105 1620 2136 KRc-Gen
1658 2107 1758 2137 diaetet.

221 2190 294 2225 (o)
323 2189 436 2219 Fatetur
454 2187 670 2218 XWHYTTms
701 2199 727 2226 p.
745 2195 812 2224 285.

221 2229 284 2264 (Ρ)
311 2229 395 2260 Conf.
421 2228 528 2259 suaviis.
548 2229 624 2260 nost.
644 2229 771 2259 Trssor
796 2231 902 2260 Iuocul.
933 2229 1026 2269 jzfiif..
1050 2239 1075 2268 p.
1096 2237 1162 2265 ¹30·
1185 2228 1375 2258 BonosNAY
1399 2225 1468 2266 disp.

180 2270 280 2299 Anima
297 2279 356 2299 non
380 2279 481 2308 egere,
513 2270 591 2307 quod
614 2279 665 2307 pro
687 2271 719 2299 iis
736 2281 781 2300 aer
796 2292 804 2305 ‚
829 2271 925 2306 calor,
953 2279 1025 2301 terra
1040 2293 1048 2306 ‚
1074 2269 1202 2300 laborant
1230 2267 1420 2297 Pmamxr
1451 2269 1492 2297 du
1517 2269 1631 2298 toacher
1661 2278 1688 2307 p.
1711 2269 1761 2301 ἓν.

178 2309 253 2346 qnasi
271 2310 404 2339 animalia
431 2310 530 2340 caloris
552 2311 610 2341 vim
632 2320 691 2341 non
708 2310 842 2342 sentirent
865 2312 897 2343 L.
913 2311 962 2343 lv.
991 2322 1020 2351 p.
1036 2320 1105 2350 437.
1132 2317 1286 2348 nequeant
1305 2318 1368 2339 aere
1386 2309 1546 2340 fruerentur
1559 2331 1569 2346 ‚
1594 2318 1641 2340 aur
1660 2319 1759 2340 omnes

134 2390 138 2394 ἱ
177 2348 281 2389 planrae
295 2359 330 2380 ex
344 2356 415 2382 terra
428 2350 576 2383 alerentur.
