1895 2650
367 168 739 210 S'Ec.T.II.
803 169 1384 209 PHAENOMENA.
1557 180 1628 215 501

64 268 100 305 ’ἃ
130 268 365 314 Ηεκοτζΐ),
396 267 432 302 in
460 266 604 302 interius
636 264 865 311 fltxorfflt),
911 265 946 300 &
991 272 1164 302 connatus
1194 264 1321 301 flexori
1359 262 1530 301 abdustor
1552 263 1634 307 (x),

60 325 117 364 ,Ex
150 326 337 362 itsanioide
358 337 441 361 vero
473 323 543 360 offe
575 323 810 369 ligamentum
850 324 886 359 in
916 335 1118 371 proximam
1157 324 1371 372 phalangem
1402 322 1640 371 producitur,

52 396 172 433 quam
211 386 336 421 movet
357 383 510 420 adducto
549 382 720 419 mumulo.

84 474 87 476 .
111 443 407 491 .Aliquantumm
440 442 537 478 hunc
555 440 627 477 fere
652 439 786 478 sensum
821 440 961 478 roboris
982 440 1025 477 ab
1053 440 1123 488 ipsa
1154 441 1222 476 vita
1248 439 1402 478 humana
1440 437 1570 475 ossibus
1591 449 1647 474 ac-

67 501 199 539 crescit.
280 501 420 538 Teretia
453 501 488 535 &
525 500 693 548 iimpiicia
743 498 960 536 nascuntur:
1003 498 1069 536 Sed
1089 499 1131 535 ab
1156 499 1223 547 ipsa
1265 501 1298 535 vi
1327 499 1541 535 trahentium
1565 497 1646 543 (y)

68 558 476 607 musculovumfubique
502 558 573 594 fere
607 558 744 594 laminae
775 556 900 595 offium
939 559 1083 594 extimae
1111 559 1154 593 ab
1192 555 1422 593 interioribus
1462 555 1648 592 abducun-

68 626 150 660 tur,
181 619 214 654 &
246 617 434 655 nascuntur
464 619 663 653 eminentes
698 616 828 657 cristae,
893 617 928 651 in
957 628 1041 663 quas
1079 614 1230 652 musculi
1266 615 1297 652 se
1323 615 1552 655 immittunt,
1588 613 1649 650 ali-

70 684 161 725 quot
190 685 285 713 certe
318 677 417 713 lineis
446 678 527 712 ideo
557 676 600 710 ab
630 677 687 711 axi
715 675 793 711 ossis
825 675 1047 711 remotiores.
1127 670 1296 711 Generati
1323 672 1500 721 process‘us
1527 682 1649 708 exem-

58 736 171 784 ·plum
197 733 512 771 manifestiffimum
540 734 588 769 est
611 736 647 770 in
684 732 908 770 mammillari
946 733 1008 770 illo
1037 740 1246 782 temporum
1276 733 1412 770 tubere.
1477 730 1650 778 Asperita-

53 802 121 832 .·tes
158 795 194 830 in
226 795 393 830 omnium
439 791 683 830 musculorum
712 791 818 840 paulo
870 792 1117 829 robustiorum
1149 793 1188 834 ἃ
1215 793 1356 839 origine
1388 790 1576 828 nascuntur
1612 789 1649 824 Sc

70 853 167 894 fine,
201 853 306 890 etiam
333 852 439 894 duas,
481 862 554 888 tres
586 851 695 889 lineas
719 852 817 893 altaev,
865 857 904 888 ut
939 850 1030 894 illae,
1072 862 1158 900 quas
1189 852 1225 887 in
1248 850 1386 888 femore
1431 848 1494 886 fibi
1516 848 1650 886 faciunt

56 938 57 941 =
69 912 251 960 tricipites.

540 1022 572 1064 §-
607 1014 868 1056 XXXVII.
934 1015 1033 1066 Ansae
1064 1015 1185 1064 offittm.

131 1126 270 1165 Eodem
297 1125 369 1171 fere
391 1126 572 1174 pertinent
598 1125 657 1162 alii
687 1122 889 1174 processus,
922 1126 986 1174 qui
1018 1125 1053 1162 &
1073 1124 1116 1162 ad
1142 1131 1262 1162 motus
1289 1125 1564 1177 amplitudinem
1604 1129 1653 1169 fa,

73 1188 174 1224 ciunt
195 1213 204 1228 ,
240 1186 276 1222 &
303 1185 347 1222 ad
381 1184 581 1221 distantiam
612 1182 761 1221 musculi
782 1183 900 1220 inserti
931 1184 973 1220 ab
997 1185 1053 1219 axi
1095 1183 1322 1231 augendam3
1366 1186 1401 1221 Sc
1427 1185 1499 1223 fere
1527 1188 1652 1226 eadem

72 1246 261 1295 praestant,
297 1255 376 1292 quae
410 1244 455 1279 in'
475 1242 650 1279 machinis
683 1242 882 1279 manubria„⁴
958 1242 1007 1279 Ita
1033 1242 1238 1280 trochanter
1282 1245 1396 1290 major
1439 1247 1652 1293 conjund‘tos

74 1303 254 1342 musculos
273 1330 283 1344 ‚
316 1301 573 1351 pyramidalem
596 1300 709 1347 (z),
748 1300 954 1347 gemellos(
973 1313 992 1336 a
1008 1302 1025 1347 )
1042 1328 1050 1341 ‚
1088 1302 1336 1338 obturatorem
1368 1305 1548 1342 internum
1571 1306 1649 1355 (h)

75 1364 113 1400 &
148 1361 361 1411 quadratum
393 1362 441 1397 ita
473 1359 695 1408 accipit(c.)
726 1358 898 1404 insertos,
930 1366 970 1396 ut
989 1359 1206 1398 habenarum
1236 1361 1351 1398 modo
1391 1363 1426 1398 in
1461 1364 1575 1400 ansam
1599 1365 1653 1402 os-

74 1421 118 1458 fis
147 1421 265 1458 inserti
295 1429 401 1467 caput
426 1418 508 1456 offis
551 1429 596 1455 ex
641 1417 828 1456 acetabulo
845 1417 924 1463 (d)
952 1417 1152 1455 antrorsum
1180 1419 1216 1455 δε
1252 1419 1452 1457 extrorsum
1484 1435 1652 1461 emovere

75 1488 230 1529 queant,
267 1479 383 1514 multo
414 1476 641 1526 expeditius,
689 1476 725 1512 &
762 1476 897 1514 facilius
926 1477 962 1513 &
1001 1477 1183 1525 amplius,
1232 1489 1340 1526 quam
1377 1479 1472 1517 idem
1503 1481 1652 1530 quidem

75 1547 214 1576 motus>
244 1535 412 1586 potuiffet
447 1537 597 1585 peragi,
651 1533 676 1570 fi
707 1535 842 1572 festum
871 1547 913 1572 os
958 1534 1106 1572 femoris
1133 1534 1265 1579 fuisset,
1301 1538 1405 1585 eique
1421 1538 1483 1587 ipsi
1509 1540 1545 1577 hi
1573 1554 1653 1580 mu-

75 1597 161 1634 sculi
191 1596 224 1632 se
254 1594 491 1632 immisissent.
586 1593 697 1631 Nunc
725 1594 768 1630 ad
798 1593 1037 1633 humanarum
1074 1593 1241 1632 haetenus
1289 1596 1531 1636 machinarum
1575 1612 1654 1638 mo-

75 1656 164 1693 dum
184 1653 388 1692 trochanter
422 1652 567 1698 maioris
599 1651 723 1689 circuli
746 1663 867 1690 arcum
917 1651 1110 1694 describit,
1163 1659 1270 1702 caput
1308 1666 1393 1692 veto
1427 1655 1571 1694 femoris
1601 1671 1654 1696 ar-

76 1726 160 1752 cum
188 1713 311 1750 circu-li
351 1712 523 1752 minoris,
558 1710 670 1757 fitque
696 1721 822 1748 verum
860 1711 991 1748 virium
1011 1711 1281 1759 compendium.
1346 1713 1430 1752 Hoc
1453 1716 1653 1754 incremen-

76 1780 156 1810 tum
190 1772 321 1809 virium
353 1768 453 1807 facile
481 1767 578 1818 tripli
613 1769 727 1806 fuerit.

782 1873 817 1913 R
847 1887 864 1913 r
893 1887 911 1913 r
975 1885 994 1920 3
1465 1879 1652 1929 Ejusmodi

122 2034 188 2071 (t)
219 2031 290 2063 ibid.
320 2041 346 2069 q.
360 2037 381 2060 r.

120 2074 301 2112 (u)f-12.
332 2081 356 2108 q.
378 2078 399 2100 r.

119 2117 191 2150 (x)
223 2114 242 2143 f.
264 2123 308 2147 ¹4-

55 2174 60 2177 -
122 2154 190 2192 (y)
215 2155 446 2184 Bam-Horm-
471 2155 549 2181 anat.
580 2157 608 2189 p.
629 2155 700 2190 244:

122 2195 189 2230 (z)
221 2195 346 2223 Auem.
371 2199 390 2222 t.
407 2199 456 2224 21.
477 2191 536 2222 f.6.

83 2245 86 2247 ’
121 2235 191 2270 (α)
212 2234 231 2263 f.
253 2245 295 2263 ιι.

121 2276 183 2308 (ἐι)
214 2274 233 2303 f.
254 2283 298 2303 10.

122 2315 186 2350 (c)
218 2314 279 2349 fig.

123 2357 191 2395 (d)
220 2357 346 2386 Arum.
372 2353 432 2395 hist.
453 2350 537 2392 nudi.
554 2362 569 2385 a
593 2352 740 2392 cap.186.
764 2353 801 2384 ad
823 2358 891 2391 189.
