1895 2650
615 115 1313 157 SECTII.CAUSAE.
1642 129 1720 167 539

137 218 386 266 imponuntur.
471 212 525 252 Ex
545 212 655 251 latere
684 214 839 251 cisternae
878 211 1011 261 longus
1041 213 1076 249 ἃ
1104 213 1244 261 gracilis
1279 212 1424 251 tubulus
1449 215 1543 256 exit,
1593 214 1628 251 ἃ
1649 216 1721 252 aeri

142 279 258 314 exitus
287 282 436 325 paratur.
499 273 703 311 Infunditur
724 285 786 321 per
814 273 981 310 tubulum
1009 284 1097 320 aqua
1115 301 1123 314 ,
1162 272 1206 308 ad
1228 274 1373 310 unciam
1391 285 1497 310 unam
1515 273 1717 311 alteramve.

142 335 193 374 lta
219 334 431 387 operculum
465 331 556 370 cistae
591 344 673 370 cum
698 343 788 376 500.
824 332 1009 378 libris<o)
1047 331 1220 380 impolitis
1251 332 1433 369 elevatur:
1466 333 1501 369 &
1525 332 1548 369 fi
1571 333 1717 379 longior

139 393 233 431 foret
252 422 261 436 ‚
297 395 332 430 δι
358 403 457 441 aquae
491 392 570 441 plus
595 389 708 440 posset
739 392 776 428 in
813 391 999 428 cisternam
1029 389 1194 433 demitti,
1246 391 1345 428 mille
1376 392 1540 429 omnino.
1619 391 1713 428 Nam

139 454 176 490 in
207 453 365 490 cisternis
388 452 519 489 aedium
551 450 798 499 belgicarum,
848 461 926 499 quae
946 460 1009 498 per
1038 449 1166 487 tubum
1203 461 1247 486 ex
1280 449 1374 486 ferro
1407 451 1566 487 {tannaco
1605 451 1715 488 ferru-

138 513 314 549 minatum
337 511 380 549 de
413 510 506 548 tecto
535 521 664 558 aquam
696 509 856 558 pluviam
890 509 1094 557 recipiunt,
1145 508 1292 556 quando
1325 509 1483 558 superior
1513 522 1589 558 pars
1616 521 1714 559 aquae

135 572 174 608 in
208 570 354 607 cisterna
385 568 420 606 in
451 569 604 617 glaciem
629 570 728 611 abit,
765 569 800 604 &
832 567 1016 605 inmobilis
1043 566 1186 610 resistit,
1229 567 1279 604 sol
1322 576 1441 605 autem
1462 568 1505 605 de
1525 569 1617 605 ttho
1638 570 1714 615 (p)

135 629 359 677 aliquantum
383 628 503 667 solutae
529 629 619 665 nivis
640 627 780 669 fundit,
824 639 903 676 quae
927 628 964 664 in
998 638 1129 675 aquam
1171 626 1340 664 tabefacta
1367 628 1405 664 in
1437 628 1622 664 cisternam
1654 629 1715 665 cle-

134 687 291 731 stendit,
328 691 475 736 integrae
510 687 641 725 domus
672 686 796 735 utique
830 686 1067 724 sublevantur.

132 762 134 765 ·
195 746 348 796 Propius
378 747 420 784 ad
449 746 659 795 exemplum
684 745 835 784 musculi
864 745 1002 782 accedit
1037 743 1149 782 vesica
1168 747 1271 793 (q),
1318 746 1419 792 cujus
1440 744 1602 783 inferiori
1633 745 1714 783 fun.

133 806 184 844 do
215 807 376 856 pondera
402 805 649 843 adnectuntur.
715 804 756 842 In
791 816 869 842 eam
895 803 1043 841 veficam
1077 803 1188 843 fistula
1211 805 1418 854 adaptatur,
1456 805 1491 841 &
1528 817 1586 841 aer·
1615 805 1713 843 infia-

131 872 201 903 tur.
264 865 315 903 lta
347 866 416 903 levi
441 873 575 902 conatu
601 864 783 911 36.(r),
823 875 884 907 50.
907 863 1083 911 60.(r³⁵)
1102 891 1111 905 ,
1148 874 1213 908 70.
1235 870 1297 905 80.
1318 865 1364 907 (r
1380 866 1422 888 ’Ψ
1442 861 1481 911 ),
1514 875 1603 907 150.
1628 864 1718 908 (ελ,

135 931 227 961 160.
259 924 355 972 (t),
403 924 501 962 librae
529 924 720 961 elevantur.
804 922 895 968 Quo
923 921 1108 970 angustior
1146 935 1234 960 vero
1270 921 1384 959 fistula
1413 921 1519 960 fuerit
1553 934 1621 970 pro
1654 935 1714 959 ve.

128 980 206 1020 ficae
238 983 498 1031 amplitudiiie‚
548 994 592 1020 eo
630 982 709 1033 plus
735 981 888 1018 elevabit
926 981 1133 1030 ponderis(
1154 993 1177 1017 u
1198 983 1224 1028 ).
1300 980 1414 1018 Etiam
1444 981 1516 1018 hoc
1544 993 1713 1017 commo-

129 1041 218 1079 dum
248 1043 285 1079 in
321 1041 387 1079 hac
417 1040 555 1078 theoria
576 1041 655 1084 est,
698 1040 799 1091 quod
833 1051 911 1077 non
951 1038 992 1076 fit
1022 1038 1179 1082 necesse,
1217 1040 1309 1077 vires
1355 1039 1599 1077 musculorum
1644 1052 1710 1088 pro

127 1099 267 1137 'ratione
303 1100 501 1138 refistentiae
528 1101 678 1147 augeri,
713 1111 832 1149 neque
869 1098 1021 1149 duplum
1051 1097 1241 1173 spirituum
1265 1100 1466 1150 requiratur
1493 1099 1538 1138 ad
1570 1099 1711 1137 elevan-

127 1159 215 1199 dum
244 1159 397 1210 duplum
421 1160 566 1209 pondus
589 1155 681 1207 (x)

524 1271 558 1314 ᾗ.
592 1266 720 1307 XVI.
798 1265 908 1306 Fibra
929 1265 1040 1315 series
1069 1264 1308 1314 veficularum.

182 1376 300 1416 Facile
326 1383 499 1428 apparet,
543 1375 569 1413 fi
601 1377 707 1415 unica
741 1377 818 1424 ejus
846 1375 950 1414 modi
990 1374 1123 1427 velicat
1145 1376 1183 1415 in
1215 1381 1375 1413 extrema
1406 1374 1492 1413 fibra
1520 1375 1709 1415 masculari

122 1436 326 1475 adsumatur
343 1465 353 1480 ,
391 1435 650 1476 incredibiliter
687 1448 833 1484 parvam
858 1436 936 1473 fore
973 1434 1213 1474 elevationem
1229 1463 1239 1477 ,
1276 1446 1351 1472 non
1370 1437 1544 1483 maJ‘orem
1563 1447 1705 1485 nempe,

122 1507 230 1545 quam
243 1497 293 1533 est
310 1497 411 1534 tertia
441 1506 520 1545 pars
550 1494 790 1543 longitudinis
824 1496 899 1544 ejus
924 1492 1054 1533 vesicae.
1120 1493 1260 1532 Verum
1282 1494 1399 1532 multo
1416 1495 1588 1542 majorem
1613 1496 1708 1544 phae-

121 1565 280 1592 nomena
304 1557 501 1604 requirunt.

179 1613 407 1656 Accedebat,
453 1613 554 1663 quod
588 1614 744 1650 omnino
780 1612 1082 1662 persuaderentur
1112 1611 1288 1651 clarfflimi
1328 1611 1514 1662 scriptores
1535 1642 1546 1658 ‚
1581 1614 1707 1653 fibram

119 1671 354 1714 muscularem
380 1683 426 1711 ex
461 1671 598 1711 cellulis
633 1673 818 1721 componi.

854 1776 887 1815 Y
918 1789 942 1828 y
974 1789 999 1828 y
1063 1791 1083 1819 2
1581 1779 1704 1826 Quare

156 1954 221 1991 (ο)
247 1951 436 1991 octingentas
454 1947 654 1982 Wontws

156 1996 223 2032 (p)
254 1961 471 2024 BongHAAvss
494 1992 527 2022 T.
543 1991 594 2022 111.
623 1989 744 2023 Praelec'l.
774 2000 801 2030 p
816 1992 886 2028 456.

155 2036 226 2075 (q)
259 2035 400 2065 Ckoomz
431 2043 459 2071 p.
481 2041 527 2071 35.
606 2046 610 2049 -

154 2077 222 2113 (νδ
245 2076 367 2106 STuuM
385 2075 469 2112 colleg
490 2072 566 2111 phys.⁸
586 2082 629 2104 ex
645 2073 682 2104 Il.

155 2117 227 2153 (r'“
242 2115 316 2154 )D.
335 2115 518 2146 Hermann
557 2120 628 2145 tent.
655 2116 704 2146 26.

152 2157 222 2195 (s)
252 2157 375 2187 S'ruxm
400 2155 471 2188 ibid.

153 2198 217 2233 (t)
245 2197 455 2227 Brinnonem
476 2195 491 2225 1.
507 2205 532 2226 c.
556 2205 585 2226 n.
603 2204 648 2232 ¹4·

154 2238 226 2273 (u)
265 2237 449 2267 CAMERAR.
472 2237 506 2266 de
522 2237 594 2267 med.
616 2241 698 2267 mot..
714 2237 795 2267 anim
809 2245 838 2274 p.
858 2237 908 2268 16.
951 2235 1018 2274 Ope
1043 2233 1142 2266 veficae
1168 2234 1304 2272 ponderis
1334 2235 1462 2274 potentia
1486 2234 1542 2267 fuit
1569 2234 1696 2277 septupla

113 2277 458 2358 lngssflffllmounu
487 2327 517 2350 n.
543 2323 592 2356 18.
633 2317 792 2350 Pennus
816 2316 886 2358 φξβ.
906 2317 1040 2349 matham.
1057 2317 1095 2348 ad
1111 2316 1198 2349 Guid.
1218 2316 1377 2350 GRANDx·
