1864 2660
151 136 230 179 564
456 130 578 170 LIB.
619 130 698 169 XI.
769 129 1011 170 MOTUS
1062 129 1429 170 ANIMALIS.

160 235 283 266 motus
325 224 540 275 spontaneus
580 227 734 264 omnino
769 233 853 264 nota
885 226 933 263 est
966 226 1125 264 animalis
1150 227 1251 268 vitae,
1305 238 1374 275 qua
1406 238 1424 264 a
1452 225 1640 274 vegetabili
1676 226 1729 264 di-

165 288 366 334 stinguitur.
449 285 545 322 Hinc
569 286 777 323 animalcula
813 286 1016 336 spermatica
1045 298 1111 334 pro
1157 287 1246 321 veris
1286 285 1506 322 animalculis
1540 286 1737 329 habentur,

167 347 266 394 quod
295 345 471 392 ejusmodi
500 353 603 381 motu
642 344 708 381 frui
736 345 948 386 videantur,
997 357 1113 392 neque
1142 354 1271 381 certam
1306 343 1538 380 directionem
1575 351 1744 387 teneant,

167 417 284 453 neque
311 406 431 451 ignara
460 403 523 439 sint
559 404 734 445 cavendi,
779 416 895 452 neque
930 405 1133 451 impingant
1160 405 1194 439 in
1231 403 1347 439 obvia.
1423 401 1537 446 Hinc,
1569 414 1651 440 cum
1694 415 1745 439 ar-

169 465 302 502 bitrarii
332 467 366 499 in
400 463 526 510 plantis
562 462 649 498 nihil
679 462 741 504 fit,
778 475 894 510 neque
925 463 987 499 ulli
1017 461 1081 498 fint
1114 461 1272 498 musculi.

228 524 268 560 ln
296 535 357 561 eos
381 533 477 558 nunc
514 521 721 557 animalium
752 529 871 558 motus
896 533 972 557 non
1008 519 1189 570 possumus
1215 519 1268 556 his
1303 520 1338 555 in
1365 519 1548 556 elementis
1584 531 1650 556 nos
1682 519 1748 556 dif-

169 581 327 619 fundere.
406 580 531 628 Aliqua
561 578 785 628 physiologia
827 581 978 627 recipit,
1031 579 1344 617 manducationem
1382 606 1391 620 ,
1434 578 1746 626 deglutationem,

173 640 376 689 loquelam,
419 639 706 688 respirationem,
747 639 872 676 faecum
904 639 938 675 &
971 638 1112 674 seminis
1144 639 1414 679 excretionem,
1444 636 1634 674 oculorum
1671 649 1750 674 mo-

173 707 263 737 tum.
298 699 451 737 Plurima
482 698 603 734 eadem
639 696 738 734 solita
768 698 816 735 est
849 697 1041 745 negligere.
1078 696 1197 733 Liceat
1227 693 1550 744 tamen‚'fbreviten
1579 696 1750 743 quidem,

173 758 312 805 aliquos
339 759 536 806 praecipuos
561 765 680 794 motus
702 784 710 799 ,
747 757 809 805 qui
838 758 874 793 in
894 758 962 793 vita
983 756 1137 794 humana
1165 754 1431 805 frequentissimi
1465 753 1565 797 sunt,
1585 754 1753 792 haclenus

174 817 394 854 adumbrare.

802 927 835 969 ς.
870 923 883 961 l
897 922 923 961 1.
992 923 1114 961 Statio.

238 1032 342 1070 Solus
371 1031 485 1069 homo
507 1043 589 1069 curn
617 1030 732 1079 aliqua
756 1032 951 1069 constantia
979 1032 1050 1068 stat.
1117 1029 1250 1068 Latum
1293 1028 1440 1078 quidem
1490 1029 1619 1078 pedem
1648 1029 1756 1066 habet

179 1092 296 1133 ursus,
337 1092 372 1127 Sc
407 1102 537 1139 corpus
558 1090 600 1126 ad
632 1091 872 1138 pugnandum
900 1092 1015 1138 erigit.
1079 1090 1151 1127 Stat
1182 1097 1366 1139 utcunque
1387 1088 1483 1138 simia
1502 1088 1607 1137 (h),
1650 1088 1759 1125 &ali-

179 1158 317 1200 quanto
348 1149 473 1187 melius
510 1148 790 1201 pygmaeus(i).
871 1148 1024 1187 Homini
1050 1157 1168 1187 tamen
1203 1160 1262 1198 pes
1295 1147 1422 1190 latior,
1463 1148 1499 1185 &
1538 1146 1760 1197 potiffimum

182 1212 257 1258 ejus
284 1221 362 1258 pars
389 1210 537 1246 interior
562 1208 698 1245 firmior
719 1238 730 1252 ,
774 1209 912 1258 solique
941 1210 1033 1246 inter
1061 1208 1224 1246 animalia
1249 1207 1370 1245 hallux
1404 1209 1507 1244 omni
1533 1207 1604 1244 alio
1643 1206 1760 1254 digito

183 1270 220 1306 &
253 1268 389 1306 firmior
418 1268 624 1316 &longior
666 1268 737 1310 est,
784 1280 869 1306 cum
903 1270 1008 1306 etiam
1039 1265 1146 1305 fimiae
1182 1268 1324 1304 brevior
1362 1265 1428 1309 fit,
1480 1278 1608 1304 manus
1638 1264 1763 1314 pollici

181 1327 339 1364 similior.
406 1327 514 1365 Nulla
549 1327 639 1363 adeo
664 1339 822 1376 unquam
844 1339 931 1375 gens
957 1328 1149 1365 hominum
1179 1338 1252 1362 non
1286 1325 1397 1362 erecta
1426 1325 1547 1368 stabit,
1597 1325 1633 1362 &
1660 1324 1763 1360 stete-

184 1395 269 1425 runt
287 1386 411 1435 puellae
437 1387 502 1423 illae
531 1386 685 1422 barbarae
702 1414 710 1428 ,
746 1399 824 1436 quae
857 1388 949 1424 inter
985 1386 1146 1424 animalia
1170 1386 1216 1436 in·
1235 1384 1425 1425 solitudine
1453 1386 1587 1422 incerta
1616 1394 1660 1420 ex
1682 1394 1764 1419 cau-

183 1445 216 1483 sa
244 1446 426 1488 educatae,
456 1446 499 1483 ab
534 1446 635 1481 omni
664 1445 764 1483 cultu
803 1445 965 1483 humano
1007 1445 1128 1483 aliefiae
1171 1447 1364 1493 'nuperque
1405 1445 1442 1480 in
1469 1442 1582 1480 Gallia
1617 1449 1764 1491 repertae

185 1505 338 1543 fuerunt.
1744 1532 1747 1536 Α

246 1563 296 1600 Ut
325 1561 388 1600 stet
413 1562 552 1605 homo,
598 1561 733 1600 necess‘e
768 1563 913 1611 quidem
946 1563 994 1600 est
1021 1562 1154 1599 lineam
1184 1560 1517 1610 perpendicularem
1541 1588 1549 1602 ‚
1581 1571 1659 1610 quae
1674 1559 1767 1595 inter

187 1635 229 1660 os
261 1623 366 1671 pubis
401 1629 570 1669 natesque
599 1633 660 1668 per
693 1630 855 1661 centrum
877 1621 1144 1669 gravitatis(k)
1180 1618 1339 1660 transiit,
1387 1619 1511 1655 cadere
1545 1620 1582 1655 in
1617 1616 1766 1667 spatium

189 1679 450 1730 quadrangulas
455 1693 497 1721 e,
532 1692 550 1716 a
583 1680 719 1715 duabus
746 1679 873 1725 plantis
910 1677 1009 1737 pedis
1042 1681 1282 1732 intetceptum
1301 1674 1396 1727 (l),
1438 1685 1498 1714 aut
1524 1678 1560 1713 in
1580 1676 1687 1727 ipsam
1706 1688 1767 1725 με.Δ

188 1740 241 1776 dis
283 1739 459 1788 plantam,
491 1737 514 1774 fi
544 1739 575 1774 ei
612 1737 672 1773 soli
696 1737 779 1785 pedi
809 1737 924 1774 homo
960 1735 1113 1773 insistere
1140 1730 1322 1788 maluerit,
1369 1747 1477 1783 quem
1511 1736 1656 1786 quidem
1690 1747 1770 1773 mo-

188 1804 267 1837 tum
308 1797 450 1836 nullum
515 1797 669 1835 omnino
715 1794 941 1845 quadrupes
951 1807 999 1842 ne
1043 1795 1148 1832 brevi
1185 1786 1331 1850 quidem
1383 1795 1607 1845 tempusculo
1651 1794 1768 1845 potest

187 1857 329 1898 imitari.

249 1915 318 1957 Sed
346 1915 497 1954 minime
529 1912 702 1952 sufficeret
730 1913 773 1950 ad
798 1903 1011 1957 stationem,
1046 1913 1194 1952 cadaver
1229 1914 1275 1951 ita
1309 1912 1516 1962 disponere,
1563 1919 1603 1950 ut
1641 1912 1769 1962 plantis

190 1979 257 2017 suis
290 1977 438 2028 spatium
469 1972 814 2024 comprehenderet,
849 1975 884 2010 in
912 1985 990 2022 quo
1018 1971 1100 2010 esset
1132 1974 1206 2018 ejus
1231 1979 1394 2010 centrum
1424 1973 1614 2021 gravitatis.
1676 1969 1771 2008 Cum

192 2039 288 2075 enim
323 2036 440 2073 homo
473 2034 738 2072 articulationes
773 2032 899 2070 habeat
934 2031 1114 2088 mobileS,
1159 2032 1194 2069 &
1221 2043 1304 2069 cum
1346 2032 1420 2079 ejus
1459 2037 1564 2080 caput
1587 2031 1622 2067 &
1658 2029 1772 2066 abdo-

1002 2095 1007 2101 ·
1686 2098 1771 2124 men

325 2246 372 2276 Ob
395 2244 513 2276 brevem
537 2245 643 2276 calcem
672 2247 699 2276 Sc
722 2246 823 2283 pedem
851 2238 998 2283 angustum
1016 2245 1204 2277 RioLANus
1232 2242 1341 2283 οβιῖξοο
1343 2242 1445 2283 stmiae
1467 2252 1494 2280 p.
1511 2251 1578 2281 533.

236 2247 303 2325 ξιξ)
322 2287 440 2317 ΤΥεοΝ
466 2294 546 2317 cunt.
575 2296 602 2320 or
627 2287 672 2316 tle
690 2295 792 2325 pygz-ny
816 2297 841 2324 p
860 2297 909 2325 79.
929 2286 1002 2325 seqq.

236 2331 299 2406 (ὥς
323 2328 465 2358 Bonam..
492 2328 518 2357 ἶ.
536 2329 556 2357 1.
585 2338 664 2366 prop.
682 2337 746 2364 ¹³²
763 2337 830 2366 ¹37·

324 2369 382 2398 11>ss
390 2379 412 2398 M
435 2368 512 2400 ibid..
548 2378 630 2407 prop.
650 2378 718 2407 ¹37·
