1957 2630
444 110 1285 158 SECT.LCEREBRUM.
1608 132 1656 168 31

80 212 148 251 bus
169 210 325 252 medulla
355 211 450 262 quali
477 214 514 250 in
540 211 698 249 flammas
728 212 937 261 colligitur,
966 213 1111 251 alternis
1135 212 1354 264 processibus
1386 221 1514 254 cortex
1539 218 1574 255 in
1589 229 1663 256 me-

81 272 216 311 dullam
239 273 458 322 producatur
474 300 483 314 ‚
525 273 560 308 δι
584 273 619 309 in
643 273 815 309 corticem
843 273 1009 310 medulla.

139 331 267 369 Praeter
293 332 390 373 haec,
438 342 517 380 quae
541 330 836 381 suntpaucillima
853 359 862 374 ,
909 334 944 369 in
979 332 1139 369 humano
1162 332 1332 371 cadavere
1365 345 1440 371 non
1468 334 1578 372 multa
1604 335 1665 373 ad-

78 399 214 441 parent.
296 390 335 428 ld
362 398 481 427 tamen
517 391 650 438 ubique
681 393 909 439 reperimus,
951 403 1068 428 amare
1103 392 1300 429 medullam
1346 394 1381 429 in
1410 393 1518 431 lineas
1557 395 1664 432 rectas

82 449 346 498 lacertulosque
382 450 624 498 conprimi&
663 449 832 498 figurari,
883 462 975 499 quos
1021 452 1122 487 variis
1157 463 1240 488 cum
1276 453 1485 490 nominibus
1520 463 1661 502 repete-

78 520 183 550 mus,
237 509 275 545 in
301 509 462 546 cruribus
491 508 629 546 cerebri
668 509 704 545 δι
749 516 862 557 ponte
902 509 1136 547 VAaocri
1167 512 1202 547 ἃ
1240 505 1398 559 corpore
1423 512 1554 548 calloso
1602 513 1664 550 ad-

77 569 193 617 prime
239 566 479 616 conspicuos,
531 566 628 606 uude
673 568 710 604 in
748 568 905 607 medulla
939 569 1065 606 rudior
1106 569 1224 619 aliqua
1264 568 1432 607 fibrarum
1467 570 1664 610 similitudo

77 626 233 664 nascitur
253 625 337 675 (t).

140 684 253 723 Porro
282 685 465 734 pectinatae
490 686 526 722 in
561 685 712 734 piscium
741 686 894 723 cerebris
913 685 995 735 (u)
1023 686 1119 725 fibrae
1148 686 1349 725 evidentius
1378 688 1578 738 adparent,
1608 691 1663 727 in-

78 755 150 794 que
181 755 308 781 eorum
338 744 653 791 ventriculis(x).

138 801 279 841 Eaedem
308 804 346 840 in
374 802 475 846 fetu,
534 803 682 852 quando
709 803 895 842 cerebrum
926 805 962 842 in
989 812 1091 842 aceto
1118 805 1195 853 (y)
1236 813 1297 844 aut
1324 806 1447 856 spiritu
1480 808 1555 844 vini
1581 808 1663 856 (z)

78 868 301 905 maceratur,
328 861 530 912 conspicuae
557 863 781 905 redduntur,
822 871 899 901 tum
925 865 963 900 in
990 865 1120 902 eodem
1147 864 1297 908 viscere,
1332 867 1480 916 quando
1513 868 1550 904 in
1577 868 1662 905 oleo

79 922 249 970 coquitur
273 921 361 966 (a).
452 921 494 958 ln
522 922 738 971 corporibus
776 922 899 959 striatis
933 923 1023 960 nihil
1061 925 1205 962 mutatis
1238 925 1331 962 adeo
1366 926 1534 964 distincta:
1565 926 1662 964 fibrae

77 978 182 1022 sunt,
220 989 261 1018 ut
287 991 551 1029 nonnunquam
585 980 702 1018 liberae
730 980 902 1019 sublevari
923 980 1054 1030 possint
1074 981 1159 1031 (b).

139 1037 208 1076 Sed
235 1041 341 1076 etiam
372 1041 409 1077 in
433 1039 626 1087 congelato
657 1040 828 1082 cerebro,
875 1051 1004 1089 aquam
1031 1041 1066 1078 in
1097 1042 1192 1079 strias
1217 1040 1344 1091 longas
1374 1054 1437 1092 per
1469 1043 1665 1083 medullam

79 1096 284 1147 dispofitaui
308 1098 381 1135 vidi
399 1126 407 1141 ,
447 1111 526 1148 quae
541 1097 669 1136 ssmiles
690 1098 782 1136 adeo
805 1099 971 1137 medullae
1004 1100 1098 1138 strias
1123 1101 1366 1150 distingueret.

138 1156 239 1195 Nihil
267 1157 327 1194 hic
354 1157 443 1195 ultra
472 1156 668 1201 volumus,
713 1157 777 1194 nili
814 1159 851 1196 in
874 1158 1032 1197 medulla
1060 1171 1138 1197 eam
1175 1167 1339 1198 naturam
1364 1159 1449 1204 effe,
1498 1171 1538 1201 ut
1565 1170 1662 1201 amet

78 1216 116 1253 in
140 1215 274 1265 longos
303 1215 438 1266 sibique
463 1216 650 1265 parallelos
673 1216 858 1255 fasciculos
891 1218 1039 1266 colligi,
1088 1230 1206 1268 neque
1226 1231 1325 1257 nunc
1348 1220 1392 1257 de
1420 1233 1546 1260 eorum
1568 1221 1665 1261 fasci-

76 1274 246 1314 culorum
273 1285 395 1314 natura
426 1275 582 1325 disputo.
657 1274 790 1326 Neque
823 1275 976 1314 Antonii
1017 1288 1048 1316 v.
1088 1276 1183 1316 Lea
1202 1290 1450 1317 uwaunor.
1467 1292 1486 1317 c
1505 1293 1529 1317 K
1560 1280 1664 1319 fibras

80 1332 152 1372 huc
177 1334 314 1377 refero,
341 1346 426 1383 quas
436 1335 538 1373 valde
553 1335 740 1385 probabile
762 1334 822 1378 fit,
841 1343 901 1373 aut
921 1336 997 1374 vasa
1027 1335 1094 1375 effe
1112 1339 1156 1385 (c
1167 1340 1183 1385 )
1197 1346 1257 1375 aut
1274 1337 1442 1376 fibrarum
1462 1339 1657 1377 fasciculos.

139 1393 355 1431 Cellulosam
383 1405 469 1432 vero
494 1394 689 1432 medullam
718 1393 913 1442 effe(d)‚
943 1401 1004 1433 aut
1035 1395 1370 1444 spongiosan1(e)‚
1410 1405 1470 1435 aut
1500 1398 1665 1436 vesicula-

78 1462 178 1494 lem,
215 1453 249 1489 &
269 1451 396 1489 inflatae
423 1452 500 1488 telae
523 1452 699 1490 cellulosae
723 1451 872 1489 similem
889 1450 981 1503 (f),
1022 1462 1083 1491 aut
1111 1454 1296 1491 confusam
1333 1458 1507 1500 omnino,
1545 1469 1663 1507 neque

80 1512 287 1556 organicam
318 1508 458 1547 maffam
473 1511 526 1556 (g
539 1510 571 1558 )‚
610 1511 647 1548 id
667 1510 814 1559 quidem
848 1522 894 1547 ex
920 1511 1108 1560 hypothefi
1134 1512 1307 1558 scribitur.

138 1569 206 1606 Sed
224 1581 340 1618 neque
353 1568 428 1606 vasa
447 1569 629 1607 reticulata
650 1571 756 1607 rubra
773 1569 938 1618 intelligo
952 1568 1021 1617 (lt)
1039 1598 1049 1613 ,
1085 1583 1164 1621 quae
1181 1572 1379 1610 medullam
1405 1585 1648 1623 componunt.

78 1623 323 1666 Vehementer
350 1630 456 1666 etiam
476 1635 585 1677 negat
617 1628 714 1666 Am
733 1640 744 1664 1
762 1639 786 1664 N
806 1639 858 1666 us
889 1627 1102 1668 vasculosam
1127 1629 1294 1669 medullae
1312 1630 1552 1672 fabricamesse
1574 1635 1615 1682 (i
1631 1636 1658 1680 ).

1592 1693 1663 1732 Sed

119 1790 182 1827 (r)
207 1790 419 1823 mimmius
436 1793 470 1823 de
483 1795 591 1824 cerebro
614 1798 676 1824 toto
687 1790 783 1824 libello
798 1816 806 1829 ,
829 1794 854 1824 δι
873 1792 902 1823 in
914 1791 997 1824 icone
1009 1802 1046 1825 ex
1061 1793 1134 1833 pisce
1147 1792 1245 1825 sumta.
1269 1792 1324 1825 Pro
1339 1794 1414 1827 fibris
1431 1797 1536 1827 cerebri
1550 1797 1659 1830 More.

76 1830 207 1903 {dviIVL
230 1844 255 1870 p.
278 1843 324 1869 ις.
371 1830 541 1865 Vnussms
575 1844 604 1872 p.
618 1842 664 1872 55.
690 1836 717 1865 δι
747 1833 956 1865 evidentissima
981 1835 1011 1865 in
1034 1835 1204 1867 animalibus
1226 1835 1281 1874 fila}
1292 1836 1365 1867 vidit
1388 1837 1495 1868 Sanc
1521 1839 1562 1868 du
1578 1847 1662 1869 coeur.

118 1880 243 1954 {impin
266 1915 341 1954 pisce
361 1915 477 1953 holybut
495 1913 609 1945 Con.
622 1926 631 1945 r
646 1924 690 1945 Νε
712 1924 738 1954 p.
754 1924 825 1955 994.

117 1958 191 1995 (x)
215 1957 436 1988 ΜΔιΡιοΗ.
458 1956 510 1987 lc.
539 1965 611 1993 p.4.

117 1998 510 2037 (y)MA1·1·naJ=Au
528 2006 555 2034 p.
575 2001 640 2032 168.

117 2039 387 2076 (z)l’i³·1·scn
403 2048 416 2067 ι
444 2047 472 2068 n.
492 2038 540 2073 86.

117 2082 179 2118 (a)
212 2079 235 2111 B
249 2091 267 2110 A
282 2077 370 2109 vta·
394 2079 428 2108 de
448 2080 570 2116 apoplex.
591 2086 618 2116 p.
639 2081 681 2114 ιη,
701 2085 744 2115 ¹⁹-
800 2076 843 2108 Vr
857 2087 956 2110 :uss
970 2086 1045 2109 nus
1071 2078 1106 2108 de
1129 2080 1231 2113 cerebr.
1265 2089 1374 2121 p.152.
1413 2081 1491 2114 conf.
1521 2081 1663 2114 anr':

150 2131 164 2149 ιι
181 2131 199 2150 ι)
231 2121 370 2150 decircul.
387 2118 467 2158 sang.
493 2128 543 2156 per
563 2119 631 2156 fihr.
655 2129 682 2156 p.
701 2128 746 2153 η.

173 2162 189 2196 )
225 2161 284 2190 Mo
299 2171 313 2189 κ
329 2170 348 2189 G
363 2172 379 2189 A
397 2170 456 2190 GN.
486 2157 595 2197 advers}
619 2166 699 2189 anat.
722 2159 767 2191 vl.
788 2170 815 2198 p.
835 2169 881 2197 ις.

167 2202 182 2237 )
204 2200 283 2239 Epist.
309 2200 416 2238 phgifiol.
439 2200 580 2231 xxxw.
608 2201 672 2231 vide
688 2210 713 2238 p.
734 2211 781 2238 ιγ.
799 2214 824 2237 0

214 2244 274 2272 Idee
294 2243 328 2272 de
347 2241 474 2271 fbnmme
493 2240 627 2279 phystque
650 2251 677 2279 p.
700 2245 763 2274 826.
807 2240 888 2272 Nihil
917 2240 1022 2273 habere
1052 2240 1147 2274 fibrofiv
1172 2252 1211 2276 n
1236 2243 1350 2277 cliuus
1371 2254 1399 2286 p.
1415 2253 1446 2284 9·

79 2132 100 2153 c

143 2162 161 2190 11

143 2212 158 2232 c

146 2246 164 2272 ‘0'
177 2250 189 2280 )

145 2283 182 2318 e)
208 2284 390 2313 Asrauc.
419 2284 452 2312 de
478 2282 625 2321 phantasia
658 2292 684 2312 n.
700 2291 727 2320 7.
886 2298 905 2315 0

142 2322 186 2361 f)
213 2323 234 2353 B
250 2331 324 2354 ετκ
337 2333 353 2353 ε
371 2333 389 2352 n
402 2333 420 2352 ι
435 2333 449 2352 κ
470 2326 502 2353 de
525 2323 688 2361 hydrocepb.
719 2333 745 2361 p.
764 2331 810 2355 22.
836 2322 884 2355 sed
905 2324 935 2355 in
958 2323 1071 2357 morbo.

144 2366 184 2401 g)
208 2364 238 2394 Μ
255 2373 344 2393 ιετι
361 2371 521 2394 cuncti
545 2365 578 2393 de
598 2365 749 2401 apoplexia.

144 2405 185 2439 h)
209 2404 229 2434 l<
242 2414 260 2434 Λ
275 2416 294 2434 Μ
306 2415 318 2434 s
331 2414 344 2433 r*
360 2414 374 2434 a
388 2414 406 2433 κ
420 2403 534 2443 specim.
560 2407 727 2444 inaugurat.
740 2404 761 2436 1.
783 2415 812 2445 p,
828 2414 873 2446 17.

143 2447 154 2474 ι·
168 2450 181 2484 )
204 2445 234 2476 L.
251 2444 273 2477 1.
292 2446 387 2476 adnot.
408 2453 454 2477 ιι.
