<?xml version="1.0" encoding="UTF-8"?>
<!DOCTYPE html PUBLIC "-//W3C//DTD XHTML 1.0 Transitional//EN"
    "http://www.w3.org/TR/xhtml1/DTD/xhtml1-transitional.dtd">
<html xmlns="http://www.w3.org/1999/xhtml" xml:lang="en" lang="en">
 <head>
  <title>
</title>
<meta http-equiv="Content-Type" content="text/html;charset=utf-8" />
  <meta name='ocr-system' content='tesseract 3.04.00' />
  <meta name='ocr-capabilities' content='ocr_page ocr_carea ocr_par ocr_line ocrx_word'/>
</head>
<body>
  <div class='ocr_page' id='page_1' title='image "./elementaphysiolo04hall_0552.png"; bbox 0 0 1885 2650; ppageno 0'>
   <div class='ocr_carea' id='block_1_1' title="bbox 206 119 1480 168">
    <p class='ocr_par' dir='ltr' id='par_1_1' title="bbox 206 119 1480 168">
     <span class='ocr_line' id='line_1_1' title="bbox 206 119 1480 168; baseline 0 -7"><span class='ocrx_word' id='word_1_1' title='bbox 206 132 282 168; x_wconf 83' lang='lat'>532</span> <span class='ocrx_word' id='word_1_2' title='bbox 506 119 632 162; x_wconf 86' lang='lat' dir='ltr'><em>LIB.</em></span> <span class='ocrx_word' id='word_1_3' title='bbox 672 120 752 161; x_wconf 82' lang='lat' dir='ltr'>XI.</span> <span class='ocrx_word' id='word_1_4' title='bbox 834 120 1084 163; x_wconf 89' lang='lat' dir='ltr'><strong>MOTUS</strong></span> <span class='ocrx_word' id='word_1_5' title='bbox 1130 121 1480 163; x_wconf 91' lang='lat' dir='ltr'><strong>ANIMALIS.</strong></span> 
     </span>
    </p>
   </div>
   <div class='ocr_carea' id='block_1_2' title="bbox 184 216 1771 2026">
    <p class='ocr_par' dir='ltr' id='par_1_2' title="bbox 203 216 1771 384">
     <span class='ocr_line' id='line_1_2' title="bbox 203 216 1771 268; baseline 0.002 -15"><span class='ocrx_word' id='word_1_6' title='bbox 203 218 239 253; x_wconf 87' lang='lat' dir='ltr'>in</span> <span class='ocrx_word' id='word_1_7' title='bbox 274 216 404 254; x_wconf 76' lang='lat' dir='ltr'>silicem</span> <span class='ocrx_word' id='word_1_8' title='bbox 428 217 577 259; x_wconf 80' lang='lat' dir='ltr'>incidit,</span> <span class='ocrx_word' id='word_1_9' title='bbox 613 219 683 254; x_wconf 78' lang='lat' dir='ltr'>exit</span> <span class='ocrx_word' id='word_1_10' title='bbox 710 217 853 254; x_wconf 58' lang='lat' dir='ltr'>scintilla</span> <span class='ocrx_word' id='word_1_11' title='bbox 886 218 928 255; x_wconf 82' lang='lat' dir='ltr'>ab</span> <span class='ocrx_word' id='word_1_12' title='bbox 957 217 1021 255; x_wconf 80' lang='lat' dir='ltr'>hac</span> <span class='ocrx_word' id='word_1_13' title='bbox 1052 216 1298 267; x_wconf 81' lang='lat' dir='ltr'>percussione,</span> <span class='ocrx_word' id='word_1_14' title='bbox 1339 230 1417 267; x_wconf 76' lang='lat' dir='ltr'>quae</span> <span class='ocrx_word' id='word_1_15' title='bbox 1450 224 1592 255; x_wconf 82' lang='lat' dir='ltr'>montes</span> <span class='ocrx_word' id='word_1_16' title='bbox 1628 218 1771 268; x_wconf 81' lang='lat' dir='ltr'>imposi-</span> 
     </span>
     <span class='ocr_line' id='line_1_3' title="bbox 204 275 1771 330; baseline 0.002 -18"><span class='ocrx_word' id='word_1_17' title='bbox 204 282 260 312; x_wconf 83' lang='lat' dir='ltr'>tos</span> <span class='ocrx_word' id='word_1_18' title='bbox 280 277 425 318; x_wconf 82' lang='lat' dir='ltr'>evertit,</span> <span class='ocrx_word' id='word_1_19' title='bbox 461 276 483 312; x_wconf 86' lang='lat' dir='ltr'>si</span> <span class='ocrx_word' id='word_1_20' title='bbox 517 277 670 323; x_wconf 80' lang='lat' dir='ltr'>pulveris</span> <span class='ocrx_word' id='word_1_21' title='bbox 700 278 789 324; x_wconf 80' lang='lat' dir='ltr'>pyrii</span> <span class='ocrx_word' id='word_1_22' title='bbox 820 275 894 313; x_wconf 78' lang='lat' dir='ltr'>satis</span> <span class='ocrx_word' id='word_1_23' title='bbox 928 276 1040 313; x_wconf 89' lang='lat' dir='ltr'>fuerit.</span> <span class='ocrx_word' id='word_1_24' title='bbox 1105 277 1208 314; x_wconf 84' lang='lat' dir='ltr'>Estne</span> <span class='ocrx_word' id='word_1_25' title='bbox 1248 278 1363 325; x_wconf 82' lang='lat' dir='ltr'>aliqua</span> <span class='ocrx_word' id='word_1_26' title='bbox 1384 279 1474 313; x_wconf 83' lang='lat' dir='ltr'>inter</span> <span class='ocrx_word' id='word_1_27' title='bbox 1503 276 1603 314; x_wconf 83' lang='lat' dir='ltr'>filicis</span> <span class='ocrx_word' id='word_1_28' title='bbox 1630 290 1648 315; x_wconf 86' lang='lat' dir='ltr'>a</span> <span class='ocrx_word' id='word_1_29' title='bbox 1676 278 1771 330; x_wconf 78' lang='lat' dir='ltr'>lapsu</span> 
     </span>
     <span class='ocr_line' id='line_1_4' title="bbox 204 334 1609 384; baseline 0.001 -13"><span class='ocrx_word' id='word_1_30' title='bbox 204 334 415 383; x_wconf 76' lang='lat' dir='ltr'>adquisitum</span> <span class='ocrx_word' id='word_1_31' title='bbox 447 342 701 377; x_wconf 63' lang='lat' dir='ltr'>momentum,</span> <span class='ocrx_word' id='word_1_32' title='bbox 741 336 774 371; x_wconf 87' lang='lat'>&amp;</span> <span class='ocrx_word' id='word_1_33' title='bbox 808 337 899 372; x_wconf 86' lang='lat' dir='ltr'>inter</span> <span class='ocrx_word' id='word_1_34' title='bbox 928 335 1090 372; x_wconf 63' lang='lat' dir='ltr'>efficium</span> <span class='ocrx_word' id='word_1_35' title='bbox 1124 335 1207 372; x_wconf 85' lang='lat' dir='ltr'>inde</span> <span class='ocrx_word' id='word_1_36' title='bbox 1230 343 1352 373; x_wconf 78' lang='lat' dir='ltr'>natum</span> <span class='ocrx_word' id='word_1_37' title='bbox 1388 336 1609 384; x_wconf 85' lang='lat' dir='ltr'>proportio?</span> 
     </span>
    </p>

    <p class='ocr_par' dir='ltr' id='par_1_3' title="bbox 205 388 1770 500">
     <span class='ocr_line' id='line_1_5' title="bbox 268 388 1770 443; baseline 0.002 -14"><span class='ocrx_word' id='word_1_38' title='bbox 268 393 353 443; x_wconf 86' lang='lat' dir='ltr'>Non</span> <span class='ocrx_word' id='word_1_39' title='bbox 381 394 428 430; x_wconf 78' lang='lat' dir='ltr'>est</span> <span class='ocrx_word' id='word_1_40' title='bbox 451 394 559 441; x_wconf 78' lang='lat' dir='ltr'>(y&gt;;</span> <span class='ocrx_word' id='word_1_41' title='bbox 593 394 648 431; x_wconf 76' lang='lat' dir='ltr'>sed</span> <span class='ocrx_word' id='word_1_42' title='bbox 686 394 752 431; x_wconf 89' lang='lat' dir='ltr'>fuit</span> <span class='ocrx_word' id='word_1_43' title='bbox 775 394 809 429; x_wconf 87' lang='lat' dir='ltr'>iii</span> <span class='ocrx_word' id='word_1_44' title='bbox 839 394 985 442; x_wconf 84' lang='lat' dir='ltr'>pulvere</span> <span class='ocrx_word' id='word_1_45' title='bbox 1003 394 1106 442; x_wconf 76' lang='lat' dir='ltr'>pyiio</span> <span class='ocrx_word' id='word_1_46' title='bbox 1138 397 1300 430; x_wconf 77' lang='lat' dir='ltr'>materies</span> <span class='ocrx_word' id='word_1_47' title='bbox 1326 388 1454 442; x_wconf 81' lang='lat' dir='ltr'>sponte</span> <span class='ocrx_word' id='word_1_48' title='bbox 1489 402 1607 437; x_wconf 78' lang='lat' dir='ltr'>mota,</span> <span class='ocrx_word' id='word_1_49' title='bbox 1640 407 1677 432; x_wconf 84' lang='lat' dir='ltr'>ea</span> <span class='ocrx_word' id='word_1_50' title='bbox 1705 397 1770 432; x_wconf 90' lang='lat' dir='ltr'>mi-</span> 
     </span>
     <span class='ocr_line' id='line_1_6' title="bbox 205 452 1551 500; baseline 0.001 -13"><span class='ocrx_word' id='word_1_51' title='bbox 205 452 306 488; x_wconf 87' lang='lat' dir='ltr'>nimo</span> <span class='ocrx_word' id='word_1_52' title='bbox 343 460 534 489; x_wconf 85' lang='lat' dir='ltr'>momento</span> <span class='ocrx_word' id='word_1_53' title='bbox 559 455 707 489; x_wconf 73' lang='lat' dir='ltr'>excitata</span> <span class='ocrx_word' id='word_1_54' title='bbox 729 454 913 500; x_wconf 85' lang='lat' dir='ltr'>erumpit,</span> <span class='ocrx_word' id='word_1_55' title='bbox 951 455 1111 500; x_wconf 74' lang='lat' dir='ltr'>viresque</span> <span class='ocrx_word' id='word_1_56' title='bbox 1142 452 1215 490; x_wconf 73' lang='lat' dir='ltr'>suas</span> <span class='ocrx_word' id='word_1_57' title='bbox 1243 453 1397 490; x_wconf 75' lang='lat' dir='ltr'>intendit</span> <span class='ocrx_word' id='word_1_58' title='bbox 1421 453 1551 490; x_wconf 83' lang='lat' dir='ltr'>eundo.</span> 
     </span>
    </p>

    <p class='ocr_par' dir='ltr' id='par_1_4' title="bbox 196 510 1770 962">
     <span class='ocr_line' id='line_1_7' title="bbox 263 510 1770 560; baseline 0.002 -14"><span class='ocrx_word' id='word_1_59' title='bbox 263 510 314 546; x_wconf 87' lang='lat' dir='ltr'>Sit</span> <span class='ocrx_word' id='word_1_60' title='bbox 340 512 404 556; x_wconf 78' lang='lat' dir='ltr'>ita;</span> <span class='ocrx_word' id='word_1_61' title='bbox 438 523 561 548; x_wconf 77' lang='lat' dir='ltr'>verum</span> <span class='ocrx_word' id='word_1_62' title='bbox 586 512 607 547; x_wconf 84' lang='lat' dir='ltr'>si</span> <span class='ocrx_word' id='word_1_63' title='bbox 639 523 700 560; x_wconf 72' lang='lat' dir='ltr'>par</span> <span class='ocrx_word' id='word_1_64' title='bbox 734 511 781 548; x_wconf 88' lang='lat' dir='ltr'>est</span> <span class='ocrx_word' id='word_1_65' title='bbox 804 511 946 548; x_wconf 62' lang='lat' dir='ltr'>erfectus</span> <span class='ocrx_word' id='word_1_66' title='bbox 981 510 1158 553; x_wconf 75' lang='lat' dir='ltr'>scintillae,</span> <span class='ocrx_word' id='word_1_67' title='bbox 1209 523 1287 559; x_wconf 70' lang='lat' dir='ltr'>quae</span> <span class='ocrx_word' id='word_1_68' title='bbox 1317 511 1500 560; x_wconf 86' lang='lat' dir='ltr'>pulverem</span> <span class='ocrx_word' id='word_1_69' title='bbox 1536 513 1679 560; x_wconf 81' lang='lat' dir='ltr'>pyrium</span> <span class='ocrx_word' id='word_1_70' title='bbox 1714 524 1770 550; x_wconf 74' lang='lat' dir='ltr'>zio-</span> 
     </span>
     <span class='ocr_line' id='line_1_8' title="bbox 202 569 1768 619; baseline 0.002 -15"><span class='ocrx_word' id='word_1_71' title='bbox 202 570 342 611; x_wconf 63' lang='lat' dir='ltr'>cendit,</span> <span class='ocrx_word' id='word_1_72' title='bbox 393 570 428 606; x_wconf 86' lang='lat'>&amp;</span> <span class='ocrx_word' id='word_1_73' title='bbox 467 569 658 611; x_wconf 78' lang='lat' dir='ltr'>lanceolae,</span> <span class='ocrx_word' id='word_1_74' title='bbox 709 581 786 618; x_wconf 81' lang='lat' dir='ltr'>quae</span> <span class='ocrx_word' id='word_1_75' title='bbox 818 581 967 606; x_wconf 86' lang='lat' dir='ltr'>nervum</span> <span class='ocrx_word' id='word_1_76' title='bbox 1028 571 1268 618; x_wconf 83' lang='lat' dir='ltr'>compunxit,</span> <span class='ocrx_word' id='word_1_77' title='bbox 1311 571 1358 606; x_wconf 85' lang='lat' dir='ltr'>est</span> <span class='ocrx_word' id='word_1_78' title='bbox 1385 569 1503 613; x_wconf 83' lang='lat' dir='ltr'>adeo,</span> <span class='ocrx_word' id='word_1_79' title='bbox 1556 578 1596 607; x_wconf 88' lang='lat' dir='ltr'>ut</span> <span class='ocrx_word' id='word_1_80' title='bbox 1630 571 1664 606; x_wconf 90' lang='lat' dir='ltr'>in</span> <span class='ocrx_word' id='word_1_81' title='bbox 1691 571 1768 619; x_wconf 87' lang='lat' dir='ltr'>pu!-</span> 
     </span>
     <span class='ocr_line' id='line_1_9' title="bbox 204 627 1768 677; baseline 0.001 -13"><span class='ocrx_word' id='word_1_82' title='bbox 204 639 285 664; x_wconf 82' lang='lat' dir='ltr'>vere</span> <span class='ocrx_word' id='word_1_83' title='bbox 317 628 421 677; x_wconf 86' lang='lat' dir='ltr'>pyrio</span> <span class='ocrx_word' id='word_1_84' title='bbox 439 656 448 670; x_wconf 93' lang='lat'><em>‚</em></span> <span class='ocrx_word' id='word_1_85' title='bbox 497 630 542 665; x_wconf 79' lang='lat' dir='ltr'>ita</span> <span class='ocrx_word' id='word_1_86' title='bbox 566 631 600 666; x_wconf 89' lang='lat' dir='ltr'>in</span> <span class='ocrx_word' id='word_1_87' title='bbox 630 628 781 665; x_wconf 81' lang='lat' dir='ltr'>nervoso</span> <span class='ocrx_word' id='word_1_88' title='bbox 806 629 840 665; x_wconf 74' lang='lat' dir='ltr'>Sc</span> <span class='ocrx_word' id='word_1_89' title='bbox 866 627 1065 666; x_wconf 84' lang='lat' dir='ltr'>musculoso</span> <span class='ocrx_word' id='word_1_90' title='bbox 1093 628 1273 676; x_wconf 78' lang='lat' dir='ltr'>systemate</span> <span class='ocrx_word' id='word_1_91' title='bbox 1304 627 1420 665; x_wconf 83' lang='lat' dir='ltr'>fimilis</span> <span class='ocrx_word' id='word_1_92' title='bbox 1448 628 1491 666; x_wconf 81' lang='lat' dir='ltr'>ad</span> <span class='ocrx_word' id='word_1_93' title='bbox 1520 636 1639 666; x_wconf 91' lang='lat' dir='ltr'>motus</span> <span class='ocrx_word' id='word_1_94' title='bbox 1658 632 1768 666; x_wconf 79' lang='lat' dir='ltr'>maxi-</span> 
     </span>
     <span class='ocr_line' id='line_1_10' title="bbox 201 686 1767 736; baseline 0.003 -14"><span class='ocrx_word' id='word_1_95' title='bbox 201 697 281 723; x_wconf 88' lang='lat' dir='ltr'>mos</span> <span class='ocrx_word' id='word_1_96' title='bbox 307 686 532 734; x_wconf 76' lang='lat' dir='ltr'>generandos</span> <span class='ocrx_word' id='word_1_97' title='bbox 556 695 633 736; x_wconf 73' lang='lat' dir='ltr'>apta</span> <span class='ocrx_word' id='word_1_98' title='bbox 658 686 776 724; x_wconf 76' lang='lat' dir='ltr'>causa:</span> <span class='ocrx_word' id='word_1_99' title='bbox 808 686 876 735; x_wconf 78' lang='lat' dir='ltr'>ipsa</span> <span class='ocrx_word' id='word_1_100' title='bbox 902 687 994 724; x_wconf 88' lang='lat' dir='ltr'>forte</span> <span class='ocrx_word' id='word_1_101' title='bbox 1037 687 1159 724; x_wconf 83' lang='lat' dir='ltr'>eadem</span> <span class='ocrx_word' id='word_1_102' title='bbox 1191 689 1227 724; x_wconf 93' lang='lat' dir='ltr'>in</span> <span class='ocrx_word' id='word_1_103' title='bbox 1262 687 1422 725; x_wconf 84' lang='lat' dir='ltr'>musculo</span> <span class='ocrx_word' id='word_1_104' title='bbox 1440 715 1448 729; x_wconf 92' lang='lat'>‚</span> <span class='ocrx_word' id='word_1_105' title='bbox 1492 698 1569 735; x_wconf 78' lang='lat' dir='ltr'>quae</span> <span class='ocrx_word' id='word_1_106' title='bbox 1600 688 1635 724; x_wconf 86' lang='lat' dir='ltr'>iri</span> <span class='ocrx_word' id='word_1_107' title='bbox 1663 690 1767 736; x_wconf 91' lang='lat' dir='ltr'>pyrio</span> 
     </span>
     <span class='ocr_line' id='line_1_11' title="bbox 199 745 1763 813; baseline 0.001 -32"><span class='ocrx_word' id='word_1_108' title='bbox 199 745 365 793; x_wconf 75' lang='lat' dir='ltr'>pulvere,</span> <span class='ocrx_word' id='word_1_109' title='bbox 403 757 482 782; x_wconf 77' lang='lat' dir='ltr'>nam</span> <span class='ocrx_word' id='word_1_110' title='bbox 520 746 622 783; x_wconf 76' lang='lat' dir='ltr'>inuiti</span> <span class='ocrx_word' id='word_1_111' title='bbox 647 745 826 788; x_wconf 84' lang='lat' dir='ltr'>credunt,</span> <span class='ocrx_word' id='word_1_112' title='bbox 866 754 926 783; x_wconf 80' lang='lat' dir='ltr'>aut</span> <span class='ocrx_word' id='word_1_113' title='bbox 954 757 1123 813; x_wconf 51' lang='lat' dir='ltr'>xffoorem</span> <span class='ocrx_word' id='word_1_114' title='bbox 1169 747 1253 793; x_wconf 87' lang='lat' dir='ltr'>igne</span> <span class='ocrx_word' id='word_1_115' title='bbox 1287 746 1545 792; x_wconf 64' lang='lat' dir='ltr'>elthrico(z)</span> <span class='ocrx_word' id='word_1_116' title='bbox 1589 758 1763 793; x_wconf 77' lang='lat' dir='ltr'>gravem,</span> 
     </span>
     <span class='ocr_line' id='line_1_12' title="bbox 200 803 1765 852; baseline 0.001 -11"><span class='ocrx_word' id='word_1_117' title='bbox 200 813 239 841; x_wconf 87' lang='lat' dir='ltr'>ut</span> <span class='ocrx_word' id='word_1_118' title='bbox 285 803 337 841; x_wconf 88' lang='lat' dir='ltr'>Cl.</span> <span class='ocrx_word' id='word_1_119' title='bbox 371 804 629 846; x_wconf 74' lang='lat' dir='ltr'>BorsSiER,</span> <span class='ocrx_word' id='word_1_120' title='bbox 673 812 733 840; x_wconf 84' lang='lat' dir='ltr'>aut</span> <span class='ocrx_word' id='word_1_121' title='bbox 774 804 924 842; x_wconf 79' lang='lat' dir='ltr'>fluidum</span> <span class='ocrx_word' id='word_1_122' title='bbox 956 811 1052 842; x_wconf 80' lang='lat' dir='ltr'>certe</span> <span class='ocrx_word' id='word_1_123' title='bbox 1097 803 1365 842; x_wconf 70' lang='lat' dir='ltr'>mobilissimum</span> <span class='ocrx_word' id='word_1_124' title='bbox 1406 806 1441 842; x_wconf 66' lang='grc' dir='ltr'>ὃς</span> <span class='ocrx_word' id='word_1_125' title='bbox 1483 803 1765 852; x_wconf 79' lang='lat' dir='ltr'>potentissimum</span> 
     </span>
     <span class='ocr_line' id='line_1_13' title="bbox 200 861 1766 912; baseline 0.003 -14"><span class='ocrx_word' id='word_1_126' title='bbox 200 862 445 900; x_wconf 74' lang='lat' dir='ltr'>muscuiornm</span> <span class='ocrx_word' id='word_1_127' title='bbox 475 871 615 901; x_wconf 84' lang='lat' dir='ltr'>motum</span> <span class='ocrx_word' id='word_1_128' title='bbox 638 861 786 900; x_wconf 76' lang='lat' dir='ltr'>efficere.</span> <span class='ocrx_word' id='word_1_129' title='bbox 849 863 939 901; x_wconf 82' lang='lat' dir='ltr'>Illud</span> <span class='ocrx_word' id='word_1_130' title='bbox 964 862 999 899; x_wconf 83' lang='lat' dir='ltr'>in</span> <span class='ocrx_word' id='word_1_131' title='bbox 1025 863 1172 912; x_wconf 86' lang='lat' dir='ltr'>pulvere</span> <span class='ocrx_word' id='word_1_132' title='bbox 1199 865 1332 901; x_wconf 83' lang='lat' dir='ltr'>nitrato</span> <span class='ocrx_word' id='word_1_133' title='bbox 1350 865 1547 906; x_wconf 80' lang='lat' dir='ltr'>excitatur,</span> <span class='ocrx_word' id='word_1_134' title='bbox 1583 863 1654 901; x_wconf 86' lang='lat' dir='ltr'>hoc</span> <span class='ocrx_word' id='word_1_135' title='bbox 1688 864 1766 902; x_wconf 83' lang='lat' dir='ltr'>&amp;a</span> 
     </span>
     <span class='ocr_line' id='line_1_14' title="bbox 196 920 982 962; baseline 0.003 -4"><span class='ocrx_word' id='word_1_136' title='bbox 196 920 364 962; x_wconf 71' lang='lat' dir='ltr'>scintilia,</span> <span class='ocrx_word' id='word_1_137' title='bbox 401 922 433 958; x_wconf 64' lang='lat'>8&lt;</span> <span class='ocrx_word' id='word_1_138' title='bbox 462 924 505 959; x_wconf 78' lang='lat' dir='ltr'>ab</span> <span class='ocrx_word' id='word_1_139' title='bbox 540 922 613 959; x_wconf 77' lang='lat' dir='ltr'>aliis</span> <span class='ocrx_word' id='word_1_140' title='bbox 634 921 787 959; x_wconf 69' lang='lat' dir='ltr'>definitis</span> <span class='ocrx_word' id='word_1_141' title='bbox 821 922 982 960; x_wconf 76' lang='lat' dir='ltr'>stimulis.</span> 
     </span>
    </p>

    <p class='ocr_par' dir='ltr' id='par_1_5' title="bbox 189 979 1764 1558">
     <span class='ocr_line' id='line_1_15' title="bbox 259 979 1761 1030; baseline 0.001 -14"><span class='ocrx_word' id='word_1_142' title='bbox 259 980 345 1016; x_wconf 89' lang='lat' dir='ltr'>Non</span> <span class='ocrx_word' id='word_1_143' title='bbox 379 979 418 1016; x_wconf 86' lang='lat' dir='ltr'>sit</span> <span class='ocrx_word' id='word_1_144' title='bbox 449 981 595 1017; x_wconf 82' lang='lat' dir='ltr'>demum</span> <span class='ocrx_word' id='word_1_145' title='bbox 629 980 850 1017; x_wconf 88' lang='lat' dir='ltr'>elementum</span> <span class='ocrx_word' id='word_1_146' title='bbox 890 980 1067 1023; x_wconf 87' lang='lat' dir='ltr'>fluidum,</span> <span class='ocrx_word' id='word_1_147' title='bbox 1107 980 1147 1018; x_wconf 87' lang='lat' dir='ltr'>fit</span> <span class='ocrx_word' id='word_1_148' title='bbox 1179 992 1274 1017; x_wconf 85' lang='lat' dir='ltr'>mera</span> <span class='ocrx_word' id='word_1_149' title='bbox 1306 981 1356 1018; x_wconf 86' lang='lat' dir='ltr'>vis</span> <span class='ocrx_word' id='word_1_150' title='bbox 1387 981 1573 1019; x_wconf 64' lang='lat' dir='ltr'>adtrae&#39;tiiis</span> <span class='ocrx_word' id='word_1_151' title='bbox 1608 983 1761 1030; x_wconf 84' lang='lat' dir='ltr'>propriis</span> 
     </span>
     <span class='ocr_line' id='line_1_16' title="bbox 196 1037 1764 1088; baseline 0.001 -14"><span class='ocrx_word' id='word_1_152' title='bbox 196 1037 336 1086; x_wconf 78' lang='lat' dir='ltr'>legibus</span> <span class='ocrx_word' id='word_1_153' title='bbox 363 1039 652 1088; x_wconf 67' lang='lat' dir='ltr'>circumscripta,</span> <span class='ocrx_word' id='word_1_154' title='bbox 687 1041 821 1087; x_wconf 81' lang='lat' dir='ltr'>ignotae</span> <span class='ocrx_word' id='word_1_155' title='bbox 852 1041 1012 1087; x_wconf 84' lang='lat' dir='ltr'>originis.</span> <span class='ocrx_word' id='word_1_156' title='bbox 1103 1039 1221 1077; x_wconf 88' lang='lat' dir='ltr'>Potest</span> <span class='ocrx_word' id='word_1_157' title='bbox 1245 1039 1344 1081; x_wconf 83' lang='lat' dir='ltr'>fieri,</span> <span class='ocrx_word' id='word_1_158' title='bbox 1377 1047 1417 1077; x_wconf 89' lang='lat' dir='ltr'>ut</span> <span class='ocrx_word' id='word_1_159' title='bbox 1449 1052 1489 1076; x_wconf 88' lang='lat' dir='ltr'>ea</span> <span class='ocrx_word' id='word_1_160' title='bbox 1523 1041 1571 1076; x_wconf 90' lang='lat' dir='ltr'>vis</span> <span class='ocrx_word' id='word_1_161' title='bbox 1606 1040 1764 1077; x_wconf 69' lang='lat' dir='ltr'>adtradi-</span> 
     </span>
     <span class='ocr_line' id='line_1_17' title="bbox 197 1097 1764 1147; baseline 0.003 -15"><span class='ocrx_word' id='word_1_162' title='bbox 197 1097 237 1133; x_wconf 89' lang='lat' dir='ltr'>lis</span> <span class='ocrx_word' id='word_1_163' title='bbox 266 1097 392 1134; x_wconf 81' lang='lat' dir='ltr'>crescat</span> <span class='ocrx_word' id='word_1_164' title='bbox 411 1099 427 1144; x_wconf 88' lang='lat'><strong>(</strong></span> <span class='ocrx_word' id='word_1_165' title='bbox 445 1100 496 1142; x_wconf 82' lang='grc' dir='ltr'>α)</span> <span class='ocrx_word' id='word_1_166' title='bbox 519 1100 564 1134; x_wconf 50' lang='lat' dir='ltr'>in*</span> <span class='ocrx_word' id='word_1_167' title='bbox 590 1099 727 1134; x_wconf 79' lang='lat' dir='ltr'>ratione</span> <span class='ocrx_word' id='word_1_168' title='bbox 757 1097 888 1134; x_wconf 82' lang='lat' dir='ltr'>inversa</span> <span class='ocrx_word' id='word_1_169' title='bbox 902 1097 1134 1145; x_wconf 75' lang='lat' dir='ltr'>multiplicata</span> <span class='ocrx_word' id='word_1_170' title='bbox 1157 1098 1398 1135; x_wconf 74' lang='lat' dir='ltr'>distantiarum</span> <span class='ocrx_word' id='word_1_171' title='bbox 1416 1125 1424 1139; x_wconf 92' lang='lat'>‚</span> <span class='ocrx_word' id='word_1_172' title='bbox 1470 1107 1575 1147; x_wconf 84' lang='lat' dir='ltr'>atque</span> <span class='ocrx_word' id='word_1_173' title='bbox 1604 1110 1620 1135; x_wconf 82' lang='lat' dir='ltr'>a</span> <span class='ocrx_word' id='word_1_174' title='bbox 1643 1099 1764 1136; x_wconf 83' lang='lat' dir='ltr'>stimu-</span> 
     </span>
     <span class='ocr_line' id='line_1_18' title="bbox 195 1154 1763 1204; baseline 0.001 -12"><span class='ocrx_word' id='word_1_175' title='bbox 195 1154 233 1192; x_wconf 88' lang='lat' dir='ltr'>lo</span> <span class='ocrx_word' id='word_1_176' title='bbox 258 1157 416 1204; x_wconf 85' lang='lat' dir='ltr'>primum</span> <span class='ocrx_word' id='word_1_177' title='bbox 451 1157 606 1193; x_wconf 79' lang='lat' dir='ltr'>excitato</span> <span class='ocrx_word' id='word_1_178' title='bbox 639 1163 830 1204; x_wconf 78' lang='lat' dir='ltr'>augeatur,</span> <span class='ocrx_word' id='word_1_179' title='bbox 877 1167 951 1193; x_wconf 89' lang='lat' dir='ltr'>non</span> <span class='ocrx_word' id='word_1_180' title='bbox 986 1168 1002 1192; x_wconf 84' lang='lat' dir='ltr'>a</span> <span class='ocrx_word' id='word_1_181' title='bbox 1036 1163 1226 1194; x_wconf 85' lang='lat' dir='ltr'>momento</span> <span class='ocrx_word' id='word_1_182' title='bbox 1265 1156 1416 1198; x_wconf 85' lang='lat' dir='ltr'>stimuli,</span> <span class='ocrx_word' id='word_1_183' title='bbox 1452 1155 1509 1193; x_wconf 91' lang='lat' dir='ltr'>sed</span> <span class='ocrx_word' id='word_1_184' title='bbox 1546 1155 1667 1204; x_wconf 83' lang='lat' dir='ltr'>alege</span> <span class='ocrx_word' id='word_1_185' title='bbox 1710 1158 1763 1194; x_wconf 88' lang='lat' dir='ltr'>in-</span> 
     </span>
     <span class='ocr_line' id='line_1_19' title="bbox 195 1214 1754 1264; baseline 0.001 -13"><span class='ocrx_word' id='word_1_186' title='bbox 195 1217 370 1252; x_wconf 85' lang='lat' dir='ltr'>crementi</span> <span class='ocrx_word' id='word_1_187' title='bbox 402 1214 472 1256; x_wconf 85' lang='lat' dir='ltr'>sui,</span> <span class='ocrx_word' id='word_1_188' title='bbox 507 1215 610 1264; x_wconf 74' lang='lat' dir='ltr'>quale</span> <span class='ocrx_word' id='word_1_189' title='bbox 645 1216 681 1252; x_wconf 87' lang='lat' dir='ltr'>in</span> <span class='ocrx_word' id='word_1_190' title='bbox 709 1217 882 1263; x_wconf 79' lang='lat' dir='ltr'>gravitate</span> <span class='ocrx_word' id='word_1_191' title='bbox 912 1227 975 1264; x_wconf 88' lang='lat' dir='ltr'>per</span> <span class='ocrx_word' id='word_1_192' title='bbox 1008 1214 1141 1263; x_wconf 75' lang='lat' dir='ltr'>lapsum</span> <span class='ocrx_word' id='word_1_193' title='bbox 1177 1214 1366 1263; x_wconf 81' lang='lat' dir='ltr'>augescens</span> <span class='ocrx_word' id='word_1_194' title='bbox 1406 1215 1666 1252; x_wconf 84' lang='lat' dir='ltr'>incrementum</span> <span class='ocrx_word' id='word_1_195' title='bbox 1686 1215 1754 1258; x_wconf 77' lang='lat' dir='ltr'>est,</span> 
     </span>
     <span class='ocr_line' id='line_1_20' title="bbox 194 1272 1760 1322; baseline 0.001 -12"><span class='ocrx_word' id='word_1_196' title='bbox 194 1273 230 1310; x_wconf 68' lang='grc' dir='ltr'>δι</span> <span class='ocrx_word' id='word_1_197' title='bbox 254 1274 356 1321; x_wconf 74' lang='lat' dir='ltr'>quale</span> <span class='ocrx_word' id='word_1_198' title='bbox 383 1274 505 1311; x_wconf 87' lang='lat' dir='ltr'>nostro</span> <span class='ocrx_word' id='word_1_199' title='bbox 535 1273 776 1322; x_wconf 81' lang='lat' dir='ltr'>phaenomeno</span> <span class='ocrx_word' id='word_1_200' title='bbox 804 1273 979 1311; x_wconf 85' lang='lat' dir='ltr'>suffecerit</span> <span class='ocrx_word' id='word_1_201' title='bbox 1006 1273 1245 1321; x_wconf 80' lang='lat' dir='ltr'>explicando,</span> <span class='ocrx_word' id='word_1_202' title='bbox 1279 1272 1303 1310; x_wconf 88' lang='lat' dir='ltr'>sl</span> <span class='ocrx_word' id='word_1_203' title='bbox 1333 1274 1459 1321; x_wconf 85' lang='lat' dir='ltr'>majori</span> <span class='ocrx_word' id='word_1_204' title='bbox 1482 1275 1518 1311; x_wconf 88' lang='lat' dir='ltr'>in</span> <span class='ocrx_word' id='word_1_205' title='bbox 1551 1275 1688 1311; x_wconf 83' lang='lat' dir='ltr'>ratione</span> <span class='ocrx_word' id='word_1_206' title='bbox 1711 1275 1760 1312; x_wconf 87' lang='lat' dir='ltr'>vis</span> 
     </span>
     <span class='ocr_line' id='line_1_21' title="bbox 192 1332 1762 1379; baseline 0.001 -10"><span class='ocrx_word' id='word_1_207' title='bbox 192 1332 342 1370; x_wconf 83' lang='lat' dir='ltr'>musculi</span> <span class='ocrx_word' id='word_1_208' title='bbox 371 1333 414 1369; x_wconf 76' lang='lat' dir='ltr'>ab</span> <span class='ocrx_word' id='word_1_209' title='bbox 439 1333 690 1370; x_wconf 84' lang='lat' dir='ltr'>accedentibus</span> <span class='ocrx_word' id='word_1_210' title='bbox 719 1333 760 1370; x_wconf 86' lang='lat' dir='ltr'>ad</span> <span class='ocrx_word' id='word_1_211' title='bbox 787 1334 940 1371; x_wconf 83' lang='lat' dir='ltr'>invicem</span> <span class='ocrx_word' id='word_1_212' title='bbox 977 1333 1162 1369; x_wconf 85' lang='lat' dir='ltr'>elementis</span> <span class='ocrx_word' id='word_1_213' title='bbox 1197 1342 1374 1379; x_wconf 82' lang='lat' dir='ltr'>augetur,</span> <span class='ocrx_word' id='word_1_214' title='bbox 1416 1333 1467 1369; x_wconf 90' lang='lat' dir='ltr'>uti</span> <span class='ocrx_word' id='word_1_215' title='bbox 1509 1333 1579 1369; x_wconf 87' lang='lat' dir='ltr'>fere</span> <span class='ocrx_word' id='word_1_216' title='bbox 1625 1333 1661 1369; x_wconf 87' lang='lat' dir='ltr'>in</span> <span class='ocrx_word' id='word_1_217' title='bbox 1689 1345 1762 1370; x_wconf 87' lang='lat' dir='ltr'>ma-</span> 
     </span>
     <span class='ocr_line' id='line_1_22' title="bbox 192 1390 1761 1441; baseline 0.001 -13"><span class='ocrx_word' id='word_1_218' title='bbox 192 1398 301 1438; x_wconf 87' lang='lat' dir='ltr'>gnete</span> <span class='ocrx_word' id='word_1_219' title='bbox 320 1391 437 1441; x_wconf 82' lang='lat' dir='ltr'>lapide</span> <span class='ocrx_word' id='word_1_220' title='bbox 454 1392 662 1441; x_wconf 74' lang='lat' dir='ltr'>exemplum</span> <span class='ocrx_word' id='word_1_221' title='bbox 674 1391 731 1429; x_wconf 87' lang='lat' dir='ltr'>est.</span> <span class='ocrx_word' id='word_1_222' title='bbox 769 1391 904 1429; x_wconf 88' lang='lat' dir='ltr'>Poterit</span> <span class='ocrx_word' id='word_1_223' title='bbox 922 1390 986 1428; x_wconf 85' lang='lat' dir='ltr'>alia</span> <span class='ocrx_word' id='word_1_224' title='bbox 1000 1390 1097 1428; x_wconf 78' lang='lat' dir='ltr'>causa</span> <span class='ocrx_word' id='word_1_225' title='bbox 1116 1391 1176 1429; x_wconf 83' lang='lat' dir='ltr'>sub</span> <span class='ocrx_word' id='word_1_226' title='bbox 1189 1390 1253 1427; x_wconf 78' lang='lat' dir='ltr'>effe</span> <span class='ocrx_word' id='word_1_227' title='bbox 1276 1392 1345 1438; x_wconf 56' lang='lat' dir='ltr'>(cst</span> <span class='ocrx_word' id='word_1_228' title='bbox 1360 1392 1378 1436; x_wconf 85' lang='lat'><em>)</em></span> <span class='ocrx_word' id='word_1_229' title='bbox 1394 1418 1403 1433; x_wconf 92' lang='lat'>,</span> <span class='ocrx_word' id='word_1_230' title='bbox 1432 1392 1761 1440; x_wconf 76' lang='lat' dir='ltr'>nequeignorantia</span> 
     </span>
     <span class='ocr_line' id='line_1_23' title="bbox 190 1446 1760 1499; baseline 0.001 -13"><span class='ocrx_word' id='word_1_231' title='bbox 190 1450 309 1487; x_wconf 84' lang='lat' dir='ltr'>nostra</span> <span class='ocrx_word' id='word_1_232' title='bbox 332 1452 385 1497; x_wconf 86' lang='lat' dir='ltr'>jus</span> <span class='ocrx_word' id='word_1_233' title='bbox 411 1450 468 1488; x_wconf 81' lang='lat' dir='ltr'>dat</span> <span class='ocrx_word' id='word_1_234' title='bbox 493 1451 545 1489; x_wconf 88' lang='lat' dir='ltr'>Cl.</span> <span class='ocrx_word' id='word_1_235' title='bbox 575 1452 653 1488; x_wconf 87' lang='lat' dir='ltr'>viro</span> <span class='ocrx_word' id='word_1_236' title='bbox 682 1452 717 1488; x_wconf 91' lang='lat' dir='ltr'>iri</span> <span class='ocrx_word' id='word_1_237' title='bbox 735 1446 892 1489; x_wconf 66' lang='lat' dir='ltr'>animam</span> <span class='ocrx_word' id='word_1_238' title='bbox 924 1450 1155 1488; x_wconf 83' lang='lat' dir='ltr'>transferendi</span> <span class='ocrx_word' id='word_1_239' title='bbox 1198 1457 1319 1488; x_wconf 85' lang='lat' dir='ltr'>motus</span> <span class='ocrx_word' id='word_1_240' title='bbox 1343 1448 1504 1494; x_wconf 79' lang='lat' dir='ltr'>causam,</span> <span class='ocrx_word' id='word_1_241' title='bbox 1562 1462 1760 1499; x_wconf 72' lang='lat' dir='ltr'>quamcun=</span> 
     </span>
     <span class='ocr_line' id='line_1_24' title="bbox 189 1511 644 1558; baseline 0 -12"><span class='ocrx_word' id='word_1_242' title='bbox 189 1519 260 1557; x_wconf 76' lang='lat' dir='ltr'>que</span> <span class='ocrx_word' id='word_1_243' title='bbox 292 1521 358 1547; x_wconf 81' lang='lat' dir='ltr'>nos</span> <span class='ocrx_word' id='word_1_244' title='bbox 388 1511 644 1558; x_wconf 74' lang='lat' dir='ltr'>ignoravimus.</span> 
     </span>
    </p>

    <p class='ocr_par' dir='ltr' id='par_1_6' title="bbox 184 1567 1759 1969">
     <span class='ocr_line' id='line_1_25' title="bbox 249 1567 1759 1620; baseline 0.001 -16"><span class='ocrx_word' id='word_1_245' title='bbox 249 1567 352 1613; x_wconf 78' lang='lat' dir='ltr'>Quid</span> <span class='ocrx_word' id='word_1_246' title='bbox 385 1568 532 1606; x_wconf 83' lang='lat' dir='ltr'>demum</span> <span class='ocrx_word' id='word_1_247' title='bbox 564 1569 698 1606; x_wconf 63' lang='lat' dir='ltr'>dietum</span> <span class='ocrx_word' id='word_1_248' title='bbox 728 1570 802 1612; x_wconf 85' lang='lat' dir='ltr'>est,</span> <span class='ocrx_word' id='word_1_249' title='bbox 838 1568 985 1620; x_wconf 80' lang='lat' dir='ltr'>quando</span> <span class='ocrx_word' id='word_1_250' title='bbox 1009 1570 1136 1607; x_wconf 81' lang='lat' dir='ltr'>aniniae</span> <span class='ocrx_word' id='word_1_251' title='bbox 1170 1569 1206 1606; x_wconf 89' lang='lat' dir='ltr'>hi</span> <span class='ocrx_word' id='word_1_252' title='bbox 1240 1575 1362 1607; x_wconf 88' lang='lat' dir='ltr'>motus</span> <span class='ocrx_word' id='word_1_253' title='bbox 1394 1570 1537 1607; x_wconf 80' lang='lat' dir='ltr'>excitati</span> <span class='ocrx_word' id='word_1_254' title='bbox 1566 1575 1671 1606; x_wconf 89' lang='lat' dir='ltr'>erunt</span> <span class='ocrx_word' id='word_1_255' title='bbox 1697 1567 1759 1606; x_wconf 85' lang='lat' dir='ltr'>ad-</span> 
     </span>
     <span class='ocr_line' id='line_1_26' title="bbox 189 1625 1758 1676; baseline 0.001 -14"><span class='ocrx_word' id='word_1_256' title='bbox 189 1626 343 1663; x_wconf 83' lang='lat' dir='ltr'>tributi?</span> <span class='ocrx_word' id='word_1_257' title='bbox 376 1625 490 1663; x_wconf 79' lang='lat' dir='ltr'>Faffus</span> <span class='ocrx_word' id='word_1_258' title='bbox 525 1627 572 1663; x_wconf 84' lang='lat' dir='ltr'>est</span> <span class='ocrx_word' id='word_1_259' title='bbox 595 1626 676 1676; x_wconf 77' lang='lat' dir='ltr'>(h)</span> <span class='ocrx_word' id='word_1_260' title='bbox 719 1627 805 1663; x_wconf 89' lang='lat' dir='ltr'>olim</span> <span class='ocrx_word' id='word_1_261' title='bbox 830 1629 1108 1669; x_wconf 74' lang='grc' dir='ltr'>ΞΤΑΗιιυε,</span> <span class='ocrx_word' id='word_1_262' title='bbox 1154 1627 1242 1663; x_wconf 86' lang='lat' dir='ltr'>nihil</span> <span class='ocrx_word' id='word_1_263' title='bbox 1266 1626 1332 1663; x_wconf 81' lang='lat' dir='ltr'>esse</span> <span class='ocrx_word' id='word_1_264' title='bbox 1353 1627 1508 1669; x_wconf 63' lang='lat' dir='ltr'>dictum,</span> <span class='ocrx_word' id='word_1_265' title='bbox 1543 1626 1694 1675; x_wconf 84' lang='lat' dir='ltr'>potuiffe</span> <span class='ocrx_word' id='word_1_266' title='bbox 1725 1627 1758 1671; x_wconf 82' lang='lat' dir='ltr'>se</span> 
     </span>
     <span class='ocr_line' id='line_1_27' title="bbox 187 1683 1757 1734; baseline 0.002 -14"><span class='ocrx_word' id='word_1_267' title='bbox 187 1683 407 1731; x_wconf 85' lang='lat' dir='ltr'>supersedere</span> <span class='ocrx_word' id='word_1_268' title='bbox 432 1685 497 1721; x_wconf 81' lang='lat' dir='ltr'>hac</span> <span class='ocrx_word' id='word_1_269' title='bbox 527 1691 602 1722; x_wconf 81' lang='lat' dir='ltr'>tota</span> <span class='ocrx_word' id='word_1_270' title='bbox 635 1685 886 1733; x_wconf 77' lang='lat' dir='ltr'>disputatione.</span> <span class='ocrx_word' id='word_1_271' title='bbox 950 1684 1115 1733; x_wconf 87' lang='lat' dir='ltr'>Superest</span> <span class='ocrx_word' id='word_1_272' title='bbox 1147 1687 1244 1721; x_wconf 88' lang='lat' dir='ltr'>enim</span> <span class='ocrx_word' id='word_1_273' title='bbox 1287 1686 1434 1732; x_wconf 83' lang='lat' dir='ltr'>perinde</span> <span class='ocrx_word' id='word_1_274' title='bbox 1469 1693 1507 1722; x_wconf 91' lang='lat' dir='ltr'>ut</span> <span class='ocrx_word' id='word_1_275' title='bbox 1550 1687 1665 1734; x_wconf 88' lang='lat' dir='ltr'>prius,</span> <span class='ocrx_word' id='word_1_276' title='bbox 1716 1693 1757 1723; x_wconf 76' lang='lat' dir='ltr'>ut</span> 
     </span>
     <span class='ocr_line' id='line_1_28' title="bbox 188 1742 1757 1796; baseline 0.001 -17"><span class='ocrx_word' id='word_1_277' title='bbox 188 1743 392 1781; x_wconf 82' lang='lat' dir='ltr'>ostendatur</span> <span class='ocrx_word' id='word_1_278' title='bbox 428 1742 524 1796; x_wconf 65' lang='lat' dir='ltr'>causa</span> <span class='ocrx_word' id='word_1_279' title='bbox 552 1742 719 1793; x_wconf 54' lang='lat' dir='ltr'>phisica,</span> <span class='ocrx_word' id='word_1_280' title='bbox 773 1755 847 1781; x_wconf 88' lang='lat' dir='ltr'>non</span> <span class='ocrx_word' id='word_1_281' title='bbox 891 1742 1128 1792; x_wconf 80' lang='lat' dir='ltr'>metaphysica</span> <span class='ocrx_word' id='word_1_282' title='bbox 1167 1743 1353 1786; x_wconf 80' lang='lat' dir='ltr'>voluntas,</span> <span class='ocrx_word' id='word_1_283' title='bbox 1399 1755 1477 1791; x_wconf 80' lang='lat' dir='ltr'>quae</span> <span class='ocrx_word' id='word_1_284' title='bbox 1519 1744 1556 1780; x_wconf 89' lang='lat' dir='ltr'>in</span> <span class='ocrx_word' id='word_1_285' title='bbox 1589 1743 1757 1781; x_wconf 51' lang='lat' dir='ltr'>muse-ulls</span> 
     </span>
     <span class='ocr_line' id='line_1_29' title="bbox 184 1801 1755 1851; baseline 0.001 -13"><span class='ocrx_word' id='word_1_286' title='bbox 184 1811 328 1840; x_wconf 81' lang='lat' dir='ltr'>nio-tum</span> <span class='ocrx_word' id='word_1_287' title='bbox 357 1802 538 1851; x_wconf 67' lang='lat' dir='ltr'>producat</span> <span class='ocrx_word' id='word_1_288' title='bbox 609 1801 645 1839; x_wconf 83' lang='lat' dir='ltr'>Si</span> <span class='ocrx_word' id='word_1_289' title='bbox 670 1803 766 1839; x_wconf 86' lang='lat' dir='ltr'>enim</span> <span class='ocrx_word' id='word_1_290' title='bbox 796 1804 950 1840; x_wconf 81' lang='lat' dir='ltr'>animam</span> <span class='ocrx_word' id='word_1_291' title='bbox 975 1802 1103 1850; x_wconf 81' lang='lat' dir='ltr'>ipsam,</span> <span class='ocrx_word' id='word_1_292' title='bbox 1151 1803 1335 1844; x_wconf 88' lang='lat' dir='ltr'>cominus,</span> <span class='ocrx_word' id='word_1_293' title='bbox 1384 1802 1516 1850; x_wconf 75' lang='lat' dir='ltr'>absque</span> <span class='ocrx_word' id='word_1_294' title='bbox 1544 1802 1642 1840; x_wconf 83' lang='lat' dir='ltr'>causa</span> <span class='ocrx_word' id='word_1_295' title='bbox 1671 1814 1755 1844; x_wconf 68' lang='lat' dir='ltr'>,cor-</span> 
     </span>
     <span class='ocr_line' id='line_1_30' title="bbox 184 1861 1752 1908; baseline 0.001 -11"><span class='ocrx_word' id='word_1_296' title='bbox 184 1872 292 1908; x_wconf 83' lang='lat' dir='ltr'>porea</span> <span class='ocrx_word' id='word_1_297' title='bbox 309 1889 319 1903; x_wconf 95' lang='lat'>,</span> <span class='ocrx_word' id='word_1_298' title='bbox 353 1863 389 1898; x_wconf 90' lang='lat' dir='ltr'>in</span> <span class='ocrx_word' id='word_1_299' title='bbox 409 1861 569 1898; x_wconf 86' lang='lat' dir='ltr'>musculo</span> <span class='ocrx_word' id='word_1_300' title='bbox 591 1862 660 1908; x_wconf 58' lang='lat' dir='ltr'>aias</span> <span class='ocrx_word' id='word_1_301' title='bbox 679 1869 872 1898; x_wconf 84' lang='lat' dir='ltr'>tremorem</span> <span class='ocrx_word' id='word_1_302' title='bbox 893 1889 903 1903; x_wconf 89' lang='lat'>‚</span> <span class='ocrx_word' id='word_1_303' title='bbox 947 1862 1115 1900; x_wconf 89' lang='lat' dir='ltr'>duritiem</span> <span class='ocrx_word' id='word_1_304' title='bbox 1133 1888 1143 1903; x_wconf 93' lang='lat'>,</span> <span class='ocrx_word' id='word_1_305' title='bbox 1179 1861 1387 1898; x_wconf 78' lang='lat' dir='ltr'>brevitatem</span> <span class='ocrx_word' id='word_1_306' title='bbox 1412 1862 1565 1899; x_wconf 81' lang='lat' dir='ltr'>excitare</span> <span class='ocrx_word' id='word_1_307' title='bbox 1582 1888 1592 1903; x_wconf 90' lang='lat'>,</span> <span class='ocrx_word' id='word_1_308' title='bbox 1626 1861 1752 1899; x_wconf 84' lang='lat' dir='ltr'>tribuis</span> 
     </span>
     <span class='ocr_line' id='line_1_31' title="bbox 185 1918 1711 1969; baseline 0 -14"><span class='ocrx_word' id='word_1_309' title='bbox 185 1926 281 1956; x_wconf 84' lang='lat' dir='ltr'>certe</span> <span class='ocrx_word' id='word_1_310' title='bbox 307 1921 433 1959; x_wconf 80' lang='lat' dir='ltr'>animae</span> <span class='ocrx_word' id='word_1_311' title='bbox 461 1922 622 1969; x_wconf 88' lang='lat' dir='ltr'>corporis</span> <span class='ocrx_word' id='word_1_312' title='bbox 654 1920 837 1969; x_wconf 76' lang='lat' dir='ltr'>qualitates</span> <span class='ocrx_word' id='word_1_313' title='bbox 855 1949 863 1963; x_wconf 91' lang='lat'>,</span> <span class='ocrx_word' id='word_1_314' title='bbox 912 1919 1178 1960; x_wconf 68' lang='lat' dir='ltr'>extensionem,</span> <span class='ocrx_word' id='word_1_315' title='bbox 1222 1918 1448 1956; x_wconf 82' lang='lat' dir='ltr'>resistentiam</span> <span class='ocrx_word' id='word_1_316' title='bbox 1466 1948 1476 1962; x_wconf 90' lang='lat'>,</span> <span class='ocrx_word' id='word_1_317' title='bbox 1511 1919 1711 1957; x_wconf 85' lang='lat' dir='ltr'>duritatem.</span> 
     </span>
    </p>

    <p class='ocr_par' dir='ltr' id='par_1_7' title="bbox 242 1976 1753 2026">
     <span class='ocr_line' id='line_1_32' title="bbox 242 1976 1753 2026; baseline 0.001 -12"><span class='ocrx_word' id='word_1_318' title='bbox 242 1977 331 2015; x_wconf 89' lang='lat' dir='ltr'>Non</span> <span class='ocrx_word' id='word_1_319' title='bbox 360 1980 480 2016; x_wconf 88' lang='lat' dir='ltr'>tribuo</span> <span class='ocrx_word' id='word_1_320' title='bbox 511 1980 635 2015; x_wconf 81' lang='lat' dir='ltr'>animae</span> <span class='ocrx_word' id='word_1_321' title='bbox 677 1990 730 2016; x_wconf 87' lang='lat' dir='ltr'>eas</span> <span class='ocrx_word' id='word_1_322' title='bbox 765 1981 880 2022; x_wconf 86' lang='lat' dir='ltr'>vires,</span> <span class='ocrx_word' id='word_1_323' title='bbox 926 1979 983 2017; x_wconf 90' lang='lat' dir='ltr'>sed</span> <span class='ocrx_word' id='word_1_324' title='bbox 1013 1980 1092 2025; x_wconf 85' lang='lat' dir='ltr'>ajo,</span> <span class='ocrx_word' id='word_1_325' title='bbox 1139 1977 1197 2014; x_wconf 85' lang='lat' dir='ltr'>has</span> <span class='ocrx_word' id='word_1_326' title='bbox 1227 1976 1410 2026; x_wconf 72' lang='lat' dir='ltr'>qualitates</span> <span class='ocrx_word' id='word_1_327' title='bbox 1440 1978 1530 2016; x_wconf 81' lang='lat' dir='ltr'>nasci</span> <span class='ocrx_word' id='word_1_328' title='bbox 1552 1980 1753 2026; x_wconf 82' lang='lat' dir='ltr'>imperante</span> 
     </span>
    </p>
   </div>
   <div class='ocr_carea' id='block_1_3' title="bbox 180 2036 1750 2138">
    <p class='ocr_par' dir='ltr' id='par_1_8' title="bbox 180 2036 1750 2138">
     <span class='ocr_line' id='line_1_33' title="bbox 180 2036 1750 2088; baseline 0 -14"><span class='ocrx_word' id='word_1_329' title='bbox 180 2037 307 2075; x_wconf 56' lang='lat' dir='ltr'>animat</span> <span class='ocrx_word' id='word_1_330' title='bbox 388 2037 461 2076; x_wconf 81' lang='lat' dir='ltr'>Erit</span> <span class='ocrx_word' id='word_1_331' title='bbox 486 2037 575 2075; x_wconf 76' lang='lat' dir='ltr'>adeo</span> <span class='ocrx_word' id='word_1_332' title='bbox 609 2039 752 2075; x_wconf 83' lang='lat' dir='ltr'>materia</span> <span class='ocrx_word' id='word_1_333' title='bbox 778 2038 920 2088; x_wconf 83' lang='lat' dir='ltr'>aliqua,</span> <span class='ocrx_word' id='word_1_334' title='bbox 971 2051 990 2076; x_wconf 84' lang='lat' dir='ltr'>a</span> <span class='ocrx_word' id='word_1_335' title='bbox 1027 2048 1094 2087; x_wconf 80' lang='lat' dir='ltr'>qua</span> <span class='ocrx_word' id='word_1_336' title='bbox 1123 2036 1332 2075; x_wconf 76' lang='lat' dir='ltr'>nascantur:</span> <span class='ocrx_word' id='word_1_337' title='bbox 1371 2039 1417 2075; x_wconf 85' lang='lat' dir='ltr'>ita</span> <span class='ocrx_word' id='word_1_338' title='bbox 1454 2037 1533 2086; x_wconf 17' lang='lat' dir='ltr'>fere,</span> <span class='ocrx_word' id='word_1_339' title='bbox 1560 2036 1670 2084; x_wconf 82' lang='lat' dir='ltr'>vulgo</span> <span class='ocrx_word' id='word_1_340' title='bbox 1702 2037 1750 2074; x_wconf 72' lang='lat' dir='ltr'>fia-</span> 
     </span>
     <span class='ocr_line' id='line_1_34' title="bbox 1615 2103 1746 2138; baseline 0.015 -5"><span class='ocrx_word' id='word_1_341' title='bbox 1615 2103 1746 2138; x_wconf 77' lang='lat' dir='ltr'>teritur,</span> 
     </span>
    </p>
   </div>
   <div class='ocr_carea' id='block_1_4' title="bbox 214 2198 1399 2404">
    <p class='ocr_par' dir='ltr' id='par_1_9' title="bbox 218 2198 1128 2240">
     <span class='ocr_line' id='line_1_35' title="bbox 218 2198 1128 2240; baseline 0 -8"><span class='ocrx_word' id='word_1_342' title='bbox 218 2198 286 2236; x_wconf 66' lang='lat' dir='ltr'>(y)</span> <span class='ocrx_word' id='word_1_343' title='bbox 319 2200 418 2238; x_wconf 75' lang='lat' dir='ltr'>inquit</span> <span class='ocrx_word' id='word_1_344' title='bbox 444 2200 485 2231; x_wconf 79' lang='lat' dir='ltr'>ei.</span> <span class='ocrx_word' id='word_1_345' title='bbox 516 2200 674 2230; x_wconf 69' lang='lat' dir='ltr'>Bois-sim</span> <span class='ocrx_word' id='word_1_346' title='bbox 701 2201 729 2230; x_wconf 87' lang='lat' dir='ltr'>in</span> <span class='ocrx_word' id='word_1_347' title='bbox 758 2209 863 2239; x_wconf 75' lang='lat' dir='ltr'>nnpera</span> <span class='ocrx_word' id='word_1_348' title='bbox 881 2199 948 2240; x_wconf 62' lang='lat' dir='ltr'>disp.</span> <span class='ocrx_word' id='word_1_349' title='bbox 971 2212 998 2239; x_wconf 84' lang='lat' dir='ltr'>p.</span> <span class='ocrx_word' id='word_1_350' title='bbox 1019 2205 1063 2232; x_wconf 84' lang='lat'>16.</span> <span class='ocrx_word' id='word_1_351' title='bbox 1084 2210 1128 2239; x_wconf 82' lang='lat'>17.</span> 
     </span>
    </p>

    <p class='ocr_par' dir='ltr' id='par_1_10' title="bbox 217 2241 1286 2281">
     <span class='ocr_line' id='line_1_36' title="bbox 217 2241 1286 2281; baseline 0.003 -12"><span class='ocrx_word' id='word_1_352' title='bbox 217 2241 283 2275; x_wconf 74' lang='lat'>(3)</span> <span class='ocrx_word' id='word_1_353' title='bbox 303 2241 384 2270; x_wconf 83' lang='lat' dir='ltr'>Conf.</span> <span class='ocrx_word' id='word_1_354' title='bbox 411 2241 547 2271; x_wconf 62' lang='lat' dir='ltr'>Brxxzit</span> <span class='ocrx_word' id='word_1_355' title='bbox 565 2247 626 2270; x_wconf 80' lang='lat' dir='ltr'>nat.</span> <span class='ocrx_word' id='word_1_356' title='bbox 647 2241 725 2270; x_wconf 74' lang='lat' dir='ltr'>hum.</span> <span class='ocrx_word' id='word_1_357' title='bbox 753 2252 778 2280; x_wconf 90' lang='lat' dir='ltr'>p.</span> <span class='ocrx_word' id='word_1_358' title='bbox 799 2247 843 2279; x_wconf 81' lang='lat'>5⁶·</span> <span class='ocrx_word' id='word_1_359' title='bbox 863 2254 906 2280; x_wconf 79' lang='lat'>57.</span> <span class='ocrx_word' id='word_1_360' title='bbox 931 2245 958 2273; x_wconf 70' lang='grc' dir='ltr'><strong>ἃ</strong></span> <span class='ocrx_word' id='word_1_361' title='bbox 982 2243 1011 2274; x_wconf 91' lang='lat' dir='ltr'>L.</span> <span class='ocrx_word' id='word_1_362' title='bbox 1026 2243 1063 2273; x_wconf 87' lang='lat' dir='ltr'>X.</span> <span class='ocrx_word' id='word_1_363' title='bbox 1089 2253 1116 2281; x_wconf 88' lang='lat' dir='ltr'>p·</span> <span class='ocrx_word' id='word_1_364' title='bbox 1137 2242 1202 2281; x_wconf 64' lang='lat'>3753.</span> <span class='ocrx_word' id='word_1_365' title='bbox 1220 2251 1286 2281; x_wconf 83' lang='lat'>379.</span> 
     </span>
    </p>

    <p class='ocr_par' dir='ltr' id='par_1_11' title="bbox 214 2280 1399 2404">
     <span class='ocr_line' id='line_1_37' title="bbox 215 2280 1399 2361; baseline 0.003 -12"><span class='ocrx_word' id='word_1_366' title='bbox 215 2280 229 2353; x_wconf 56' lang='grc' dir='ltr'><strong>ἕ</strong></span> <span class='ocrx_word' id='word_1_367' title='bbox 238 2282 292 2358; x_wconf 41' lang='grc' dir='ltr'>ΞΒ)</span> <span class='ocrx_word' id='word_1_368' title='bbox 317 2283 446 2358; x_wconf 45' lang='grc' dir='ltr'>ΡΙ-ᾗυξρμιιῗζιν</span> <span class='ocrx_word' id='word_1_369' title='bbox 465 2321 545 2353; x_wconf 85' lang='lat' dir='ltr'>causa</span> <span class='ocrx_word' id='word_1_370' title='bbox 563 2329 690 2352; x_wconf 83' lang='lat' dir='ltr'>motuum</span> <span class='ocrx_word' id='word_1_371' title='bbox 706 2322 733 2351; x_wconf 84' lang='lat' dir='ltr'>in</span> <span class='ocrx_word' id='word_1_372' title='bbox 753 2332 870 2360; x_wconf 79' lang='lat' dir='ltr'>corpore</span> <span class='ocrx_word' id='word_1_373' title='bbox 887 2323 1001 2353; x_wconf 60' lang='lat' dir='ltr'>animali</span> <span class='ocrx_word' id='word_1_374' title='bbox 1020 2324 1182 2354; x_wconf 76' lang='lat' dir='ltr'>GAusms</span> <span class='ocrx_word' id='word_1_375' title='bbox 1203 2324 1295 2356; x_wconf 81' lang='lat' dir='ltr'>Sermo</span> <span class='ocrx_word' id='word_1_376' title='bbox 1315 2331 1399 2361; x_wconf 75' lang='lat'>1740.</span> 
     </span>
     <span class='ocr_line' id='line_1_38' title="bbox 214 2360 1014 2404; baseline 0.005 -13"><span class='ocrx_word' id='word_1_377' title='bbox 214 2360 276 2399; x_wconf 69' lang='lat' dir='ltr'>(h)</span> <span class='ocrx_word' id='word_1_378' title='bbox 310 2361 342 2392; x_wconf 90' lang='lat' dir='ltr'>In</span> <span class='ocrx_word' id='word_1_379' title='bbox 360 2363 437 2401; x_wconf 83' lang='lat' dir='ltr'>praef.</span> <span class='ocrx_word' id='word_1_380' title='bbox 461 2364 496 2393; x_wconf 87' lang='lat' dir='ltr'>ad</span> <span class='ocrx_word' id='word_1_381' title='bbox 521 2363 679 2401; x_wconf 76' lang='lat' dir='ltr'>JUNKERl</span> <span class='ocrx_word' id='word_1_382' title='bbox 712 2361 882 2402; x_wconf 60' lang='lat' dir='ltr'>conspefflum</span> <span class='ocrx_word' id='word_1_383' title='bbox 903 2363 1014 2404; x_wconf 54' lang='lat' dir='ltr'>phyfiol.</span> 
     </span>
    </p>
   </div>
  </div>
 </body>
</html>
