1849 2680
137 96 216 137 592
625 86 1238 128 ADDENDA.

138 186 240 225 nervi
272 184 445 224 olfanorii
467 181 698 232 producunt,
746 183 781 220 &
821 181 1011 221 transversa
1049 181 1150 230 virga
1191 179 1379 220 medullari
1408 179 1609 226 uniuntur,
1648 182 1713 221 ‘cae-

137 255 256 284 teruni
289 245 419 293 opncss
449 245 566 280 nervss
594 240 754 281 infident

198 303 450 342 Secundorum
485 300 756 340 tuberculorum
788 301 900 347 magis
928 294 1124 346 composita
1147 300 1196 336 est
1223 307 1353 337 natura.
1418 297 1484 336 Etsi
1515 301 1610 336 enim
1636 298 1716 337 fim-

136 363 242 414 plicia
275 363 469 403 videntur,
508 361 542 396 &
572 359 739 396 haetenus
773 359 940 400 olivaria,
987 366 1106 394 tamen
1132 359 1277 407 quando
1312 357 1536 406 pauciffima‚
1582 359 1618 395 in
1650 360 1715 397 tria

136 422 210 459 fere
249 422 343 471 paria
367 419 638 457 tuberculorum
663 416 899 455 resolvuntur.
950 415 1109 466 Oportet
1151 426 1269 454 autem
1283 418 1377 465 piam
1395 416 1639 454 membranam
1664 428 1717 454 re-

137 492 311 520 movere,
351 489 429 527 quae
451 479 619 513 interiora
642 478 740 524 tegit.

197 537 313 575 Prima
352 548 430 585 pars
456 537 611 573 exterior
657 535 778 576 nuda,
831 545 931 571 verus
966 532 1154 571 Thalamus
1183 534 1331 581 opticus,
1351 533 1525 570 anteriora
1551 533 1587 570 ἃ
1611 532 1716 571 latera

138 603 237 635 tenet
255 624 264 638 ,
293 595 414 632 similis
447 593 605 632 conchae.
663 592 859 631 convexus
889 594 1069 634 exterius,
1096 594 1192 629 intus
1219 603 1399 629 concavus
1427 591 1495 633 est,
1532 592 1567 628 δι
1607 591 1639 628 se
1656 591 1715 628 ad-

139 652 938 705 apoetadconua,quodconnnuorficenn,
964 650 1162 688 Anundnss.
1198 649 1716 698 Adcohnnnasadfigsturan-

137 715 262 752 teriori
288 712 359 749 fine
394 710 590 748 secundum
621 710 817 751 calamum,
851 709 1006 758 indeque
1033 721 1143 758 porro
1171 720 1217 746 ex
1246 708 1370 746 iisdem
1406 707 1556 745 nascitur
1587 716 1718 746 retror-
1758 712 1763 718 '

138 773 243 814 snm,
274 772 307 808 &
339 770 511 819 posterius
533 781 551 806 a
585 769 779 807 tuberculis
804 767 1031 806 inferioribus
1074 768 1311 805 exterioribus
1343 766 1485 815 prodit,
1537 767 1572 804 δι
1605 779 1623 804 a
1656 779 1718 805 co-

137 831 344 869 lumnarum
381 829 592 866 inferiorum
628 827 725 865 fascia
752 829 940 868 interiori,
977 838 1056 875 quae
1085 825 1319 875 posteriorem
1353 826 1387 861 in
1401 824 1508 861 finem
1530 825 1717 863 columna-

139 901 222 927 rum
261 888 293 925 se
324 888 483 925 inmittit.
535 885 649 924 Etiam
679 895 828 934 utraque
866 885 1049 924 tubercula
1079 885 1247 923 inferiora
1275 883 1318 921 ad
1337 882 1566 922 transversam
1586 896 1715 922 nervo.

138 959 220 986 rum
251 947 458 995 optinorum
485 943 749 984 commissuram
775 944 877 981 fibras
905 944 999 981 dant.

198 1005 298 1042 Idem
321 1005 463 1042 alternis
483 1005 569 1041 albis
601 1002 696 1039 fibris
735 1004 878 1051 egregie
895 1004 989 1040 intus
1015 1003 1176 1051 pingitur
1197 1002 1231 1039 &
1249 1010 1351 1039 extus
1367 1030 1375 1044 ,
1401 1013 1479 1052 quae
1497 1013 1580 1039 cum
1608 1003 1718 1039 corti-

137 1075 201 1102 cea
229 1071 351 1104 natura
381 1062 529 1100 alternas
555 1062 650 1098 strias
675 1059 843 1098 efficiunt.
912 1060 1101 1097 Interiores
1130 1073 1172 1097 ex
1208 1060 1454 1098 semicirculari
1486 1072 1568 1098 arcu
1603 1067 1715 1104 natae,

138 1122 250 1171 quem
292 1121 452 1158 dicemus
479 1147 488 1162 ‚
528 1122 564 1156 in
604 1131 757 1156 nervum
799 1120 962 1168 opticum
1011 1121 1142 1156 abeunt
1160 1131 1297 1156 onmes.
1365 1117 1531 1156 Exterius
1558 1120 1717 1165 eiusmo-

138 1182 176 1218 di
209 1181 305 1218 fibrae
345 1190 389 1216 ex
426 1189 594 1217 convexo
644 1177 788 1216 thalami
818 1177 924 1216 dorso
946 1178 984 1215 in
1019 1179 1119 1215 nervi
1148 1179 1260 1228 optici
1290 1177 1445 1215 radicem
1481 1176 1715 1227 posteriorem

139 1239 374 1287 colliguntur.

201 1297 331 1336 Oritur
362 1303 479 1334 autem
504 1307 548 1332 ex
568 1295 642 1333 hoc
668 1295 826 1333 thalamo
858 1307 986 1334 nervus
1011 1296 1153 1344 opticus
1181 1295 1350 1332 anteriori
1375 1293 1512 1336 radice,
1550 1305 1630 1342 quae
1664 1295 1716 1331 vi-

138 1359 219 1394 cina
239 1356 288 1394 est
317 1355 510 1393 tuberculis
541 1354 760 1397 olfaetoriis‚
795 1356 831 1392 ἃ
862 1355 967 1392 altera
997 1355 1186 1404 posteriori
1214 1354 1358 1400 majori,
1406 1364 1484 1402 quae
1519 1353 1612 1389 inter
1640 1352 1717 1390 tha-

137 1415 276 1453 lamum
309 1415 344 1452 &
380 1413 609 1451 tuberculum
643 1414 788 1462 inferius
838 1415 952 1460 majus
995 1412 1195 1451 antrorsnm
1233 1413 1358 1461 tendit.
1431 1410 1494 1449 Illa
1525 1412 1714 1454 interiora,

141 1475 177 1511 ἃ
206 1474 314 1516 cava,
345 1472 421 1509 haec
449 1472 626 1509 exteriora
661 1480 779 1514 tenet,
820 1473 856 1509 δι
878 1471 1032 1510 dorsum.

208 1532 363 1572 Eosdem
394 1531 568 1568 thalamos
604 1531 639 1567 &
673 1532 830 1568 anterius
863 1531 1034 1579 particula
1075 1528 1312 1568 commissurae
1349 1529 1536 1566 anterioris
1565 1529 1720 1577 conjun-

140 1592 219 1639 git,
247 1591 282 1627 ἃ
309 1590 483 1638 posterius
504 1600 634 1636 magna
664 1588 721 1625 illa
752 1589 908 1626 duorum
938 1600 1135 1626 nervorum
1171 1590 1380 1638 opticorum
1409 1588 1504 1625 unio.

200 1648 256 1685 Ab
285 1645 766 1686 mnenoriradoeethnann
800 1647 907 1696 vaga
935 1645 1012 1682 ama
1045 1645 1220 1686 naststur,
1267 1657 1344 1694 quae
1376 1644 1720 1683 stcundunrtooent

139 1705 409 1754 longitudinem
439 1705 574 1742 cerebri
593 1703 638 1740 ad
676 1704 765 1741 latus
793 1704 917 1740 calami
940 1704 1113 1753 scriptorii
1144 1702 1334 1740 descendit.

204 1766 343 1802 Cornua
371 1762 550 1800 Ammonis
582 1763 720 1800 eminus
752 1761 846 1806 idem
881 1762 1048 1800 videntur
1075 1774 1158 1800 cum
1179 1761 1340 1798 thalamis
1364 1773 1497 1810 corpus
1524 1760 1720 1799 constitue-

139 1836 203 1870 re;
237 1823 295 1861 sed
321 1824 475 1859 omnino
498 1820 598 1858 facile
617 1823 659 1858 ab
687 1822 727 1857 iis
761 1820 955 1863 secedunt,
980 1821 1133 1869 suntque
1162 1821 1509 1862 corticea,anterius
1538 1826 1656 1857 tamen
1678 1819 1718 1856 fr-

139 1883 178 1920 lo
196 1882 277 1919 albo
301 1881 505 1929 marginem
522 1887 752 1928 percurrente
771 1879 937 1916 distineia.
992 1878 1136 1916 Habent
1169 1878 1278 1915 finem
1299 1880 1517 1916 anteriorem
1543 1878 1580 1916 &
1600 1877 1718 1928 poste-

139 1942 271 1979 riorem
298 1950 448 1977 curvum
479 1945 674 1986 utrumque
703 1939 737 1974 δι
773 1939 919 1974 nornine
949 1937 1126 1986 dignum,
1163 1938 1261 1986 quod
1287 1936 1440 1986 inposui.
1640 1963 1658 1978 Ι

196 1999 386 2036 Anteriora
428 2008 563 2034 cornua
594 1998 760 2033 oriuntur
788 2008 806 2033 a
834 1996 1047 2033 cordiformi
1077 1996 1292 2038 tuberculo,
1318 1998 1466 2044 ejusque
1497 2001 1594 2043 parte
1610 1995 1717 2033 altera

136 2051 380 2104 dextrumque
421 2053 559 2092 finistro
589 2054 810 2103 adplicatum
852 2055 900 2091 ita
928 2054 1023 2103 quafi
1057 2053 1202 2092 fornicis
1233 2053 1356 2091 fimil'ia
1399 2053 1597 2091 antrorsum
1640 2060 1717 2091 ten-

134 2116 254 2161 dunt3
291 2114 446 2162 denique
478 2112 681 2150 extrorsum
713 2114 885 2162 utrinque
915 2112 1173 2155 reflectuntur,
1228 2113 1484 2150 continuantur
1511 2111 1716 2160 posteriori-

135 2176 215 2212 bus.
245 2173 440 2212 Posteriora
457 2171 614 2209 crassiora
631 2172 796 2210 oriuntur
811 2171 1026 2210 acolumnis
1049 2171 1207 2213 cerebri,
1243 2172 1335 2207 inter
1352 2172 1570 2208 eminentem
1593 2181 1716 2208 arcum

140 2231 417 2272 &tuberculum
433 2229 656 2269 cordiforme
671 2258 682 2274 ,
698 2231 733 2269 &
749 2230 864 2281 aliqua
880 2237 978 2280 parte
993 2242 1013 2270 a
1037 2241 1142 2269 crure
1154 2229 1340 2272 cerebelli,
1375 2229 1422 2267 &v
1434 2228 1537 2267 fimili
1556 2239 1638 2266 arcu
1654 2241 1716 2265 an-

204 2307 208 2311 ·
1559 2285 1713 2327 nmspm
