1915 2640
215 139 268 175 40
499 119 651 159 LJB.
698 117 744 158 X.
808 115 1183 158 CEREBRUM
1227 115 1309 156 ET
1355 113 1575 155 NERvi.

220 232 296 258 non
316 214 403 266 (le)
426 229 464 254 ea
490 229 570 254 vete
602 226 705 255 cava,
731 213 818 251 dum
849 213 976 250 animal
999 214 1086 250 vivit
1111 213 1147 249 δε
1179 212 1300 249 sanum
1326 211 1385 249 est.
1463 210 1641 248 Hactenus
1672 215 1789 248 tamen

219 280 364 316 lacunar
395 276 551 325 superius
576 286 593 310 a
621 276 829 324 pavimento
851 272 1010 308 inferiori
1040 272 1295 319 distinguitur,
1333 279 1374 308 ut
1401 270 1520 311 libera,
1536 281 1652 318 neque
1683 270 1801 307 cohae-

221 350 300 375 rens
325 337 429 372 facies
451 346 534 371 cava
570 332 757 380 superioris
789 330 980 372 medullae‚
1028 330 1144 367 liberae
1191 331 1320 379 pariter
1360 329 1461 365 faciei
1499 340 1669 365 convexae
1712 329 1802 364 infe-

222 398 308 433 riori
337 395 507 441 contigua
547 393 653 428 unice
697 391 909 431 incumbat,
948 389 983 425 &
1014 389 1159 426 mobilis
1194 389 1300 426 altera
1329 387 1430 437 super
1461 387 1626 429 alteram,
1653 386 1801 434 figurata

224 464 371 502 utraque
401 452 530 500 suaque
552 450 760 486 membrana
787 446 986 485 molliffima
1015 448 1137 486 vestita
1161 446 1220 490 fit,
1258 454 1365 496 atque
1389 447 1596 484 membrana
1625 447 1801 483 membra·

224 525 306 550 nam
331 520 462 557 tangat.

285 569 447 614 Quando
481 579 591 616 aqua,
629 566 794 615 frequens
829 566 927 602 enim
962 566 1090 602 vitium
1121 564 1190 605 est,
1228 576 1290 601 eos
1316 563 1528 601 ventriculos
1559 562 1679 612 replet,
1714 569 1802 601 tunc

225 631 349 678 utique
377 629 490 677 paries
527 626 683 674 superior
718 626 762 662 ab
798 624 959 660 inferiori
996 622 1183 660 intervallo
1226 622 1384 663 diffidet,
1441 623 1642 670 pariterque
1678 622 1800 663 distat.

226 687 372 738 quando
408 684 537 723 incisor
562 696 624 733 per
664 685 805 720 arterias
834 683 959 730 gluten
1017 682 1119 731 piscis
1165 680 1310 718 busonis
1338 681 1506 729 impulit:
1554 680 1591 716 id
1611 682 1708 717 enim
1735 688 1803 717 tre·

226 748 366 784 mulum
385 745 419 781 &
441 744 633 792 figuratum
649 741 866 780 ventriculos
892 740 1028 789 replet,
1068 741 1103 778 &
1132 752 1260 778 eorum
1287 739 1441 777 formam
1489 746 1652 778 accurate
1688 740 1806 788 expri-

227 808 316 847 mit,
350 804 537 853 postquam
566 803 601 838 in
624 801 756 852 frigore
785 800 953 837 constitit.

288 863 334 901 Ea
361 873 466 899 cavea
495 860 593 897 aliter
619 859 764 908 paulum
790 861 826 895 in
856 859 980 895 avibus
1012 857 1044 894 se
1081 857 1199 899 habet,
1232 857 1352 906 potius
1396 857 1572 905 posterior
1603 853 1688 905 (l).
1763 853 1806 891 In

228 923 379 960 homine
412 921 596 967 utriusque
622 918 862 966 hemisphaerii
893 916 982 954 latus
1020 916 1064 953 ad
1101 924 1292 965 utramque
1335 914 1482 953 fornicis
1516 928 1616 954 oram
1654 920 1803 954 tenent,

229 990 269 1021 ut
297 980 473 1020 anterius,
510 979 545 1014 &
577 977 774 1026 posterius,
809 977 846 1013 ὃς
870 975 914 1013 ad
941 975 1031 1014 latus
1058 976 1170 1013 multa
1207 973 1362 1012 medulla
1398 975 1534 1012 cerebri
1570 975 1689 1013 media
1719 983 1808 1009 con-

227 1038 476 1093 prehendatur.
731 1051 734 1054 *
1476 1039 1500 1062 0

290 1097 427 1136 Dexoer
458 1095 506 1132 est
536 1093 753 1131 ventriculus
790 1093 825 1130 &
849 1091 998 1134 sinister,
1032 1104 1133 1141 pares
1163 1091 1226 1128 fibi
1252 1089 1477 1140 limilesque,
1505 1104 1713 1142 nomenque
1734 1105 1807 1132 me-

230 1165 353 1194 rentur
382 1153 657 1207 lateralgsmn),
691 1160 750 1189 aut
774 1149 1050 1199 t7·1'cornis(n)‚
1094 1163 1176 1188 narn
1206 1150 1396 1187 anteriores
1413 1150 1492 1198 (o)
1521 1160 1612 1190 vetat
1634 1153 1704 1190 dici
1728 1165 1809 1198 coi·-v

231 1228 280 1254 nu
316 1214 488 1263 posterius
505 1240 515 1254 ‚
555 1212 654 1260 quod
667 1211 758 1247 adeo
779 1209 968 1247 manifesto
986 1221 1085 1258 pone
1104 1208 1343 1246 ventriculum
1363 1211 1506 1246 tertium
1542 1211 1772 1259 producatur.

290 1273 420 1320 Figura
439 1270 630 1308 ventriculi
662 1267 907 1306 difficultatem
937 1268 1091 1317 aliquam
1122 1270 1158 1305 in
1185 1267 1342 1305 hominis
1373 1268 1522 1305 cerebro
1552 1268 1683 1313 habet,
1723 1282 1807 1309 cum

231 1345 307 1372 non
337 1333 374 1368 in
398 1330 526 1368 eodem
553 1329 661 1378 plano
696 1335 793 1365 totus
839 1335 1019 1377 ponatur,
1064 1327 1101 1363 ὃς
1138 1338 1216 1376 pars
1240 1325 1389 1374 quidem
1420 1327 1555 1373 major,
1607 1329 1720 1377 vulgo
1744 1342 1808 1368 ρο-

232 1392 353 1442 gnita.
388 1389 523 1426 cerebri
552 1387 820 1434 longitudinem
847 1386 1032 1434 sequatur,
1090 1385 1251 1436 parallela
1287 1384 1359 1422 fere
1389 1384 1600 1429 horizonti,
1629 1395 1669 1426 ut
1689 1395 1809 1426 tamen

232 1450 409 1500 posterior
444 1446 521 1483 finis
546 1445 715 1483 humilior
736 1443 792 1482 fit:
841 1443 922 1483 Pars
950 1450 1069 1482 autem
1095 1443 1306 1485 descendat,
1334 1443 1461 1493 -inque
1499 1442 1618 1484 multo
1664 1448 1809 1487 inferius

235 1510 382 1562 planum
410 1505 533 1543 senfim
559 1504 591 1544 se
616 1503 797 1543 subducat.

1727 1628 1806 1668 Part

281 1802 343 1840 (k)
365 1800 387 1831 P
405 1812 419 1831 a
435 1811 453 1831 e
467 1809 576 1830 1³er
615 1800 648 1829 de
668 1799 808 1837 apoplexia
829 1808 855 1829 n.
875 1808 900 1834 ς.
914 1802 931 1830 6
995 1798 1109 1830 Bona
1143 1807 1286 1839 progymn.
1309 1802 1379 1834 XX.
1423 1813 1450 1841 p.
1465 1802 1531 1840 283.
1590 1803 1646 1834 Hu
1661 1812 1681 1833 a
1695 1811 1808 1836 Αυιῃ

239 1845 332 1876 Mem.
362 1845 394 1872 cle
421 1842 535 1872 I‘Acad.
551 1848 625 1878 1·40
657 1850 675 1878 p
705 1849 771 1877 375.
814 1840 860 1870 Bo
875 1849 921 1869 tx
935 1849 955 1869 n
972 1850 990 1869 A
1006 1852 1024 1869 A
1040 1850 1055 1869 v
1068 1851 1082 1869 ιι
1107 1843 1208 1878 pralec‘}
1242 1843 1277 1873 T.
1297 1843 1331 1873 ll.
1362 1854 1391 1882 p.
1409 1854 1473 1882 529·
1491 1853 1556 1881 530.

279 1885 336 1919 (l)
368 1883 482 1913 cerebri
512 1881 660 1910 ventriculi
691 1881 720 1910 in
759 1881 858 1910 avibus
897 1882 1015 1918 [neque
1042 1881 1119 1911 enim
1152 1883 1198 1912 hic
1235 1893 1350 1913 caveam
1385 1884 1570 1914 thalamorum
1600 1884 1810 1920 describimus]

240 1925 354 1962 quando
377 1922 568 1960 hemisphaeria
590 1921 686 1950 sensim
710 1921 905 1954 diducuntur.
933 1921 1025 1951 striata
1041 1944 1048 1956 ‚
1072 1923 1175 1952 radiata
1190 1944 1198 1953 ,
1238 1932 1273 1952 ex
1306 1923 1413 1955 fornice
1435 1925 1584 1955 retrorsum
1622 1925 1811 1956 adscendente

239 1964 363 1995 medulla
387 1971 493 1992 remota
512 1962 668 2000 adparent,
695 1962 780 1991 unico
803 1971 869 1991 cum
895 1960 992 1990 tubere
1016 1962 1164 1996 cortican,
1196 1962 1279 1992 striati
1309 1965 1433 2002 corporis
1457 1964 1546 1995 fimili.
1593 1966 1630 1995 Ea
1646 1966 1811 1997 membrana

239 2013 348 2044 semota
365 2028 374 2041 ,
396 2003 519 2040 sequitur
545 2001 705 2045 medullaris
725 2001 877 2032 colliculus
898 2010 954 2030 non
973 2002 1085 2037 penitus
1103 2002 1133 2031 in
1161 2003 1334 2033 anteriorem
1361 2013 1468 2042 partem
1497 2005 1672 2042 productim,
1705 2006 1734 2035 in
1763 2016 1812 2042 po-

239 2046 382 2084 steriorem
400 2044 505 2080 magis,
531 2044 558 2072 ὃ(
587 2041 685 2073 ultima
712 2051 776 2084 pars
799 2041 914 2081 inferior
939 2042 1089 2073 ventriculi
1125 2043 1156 2072 iis
1182 2044 1350 2082 corporibus
1370 2045 1534 2081 incumbit,
1575 2055 1638 2083 quae
1666 2044 1730 2077 sunt
1759 2056 1811 2085 pro

239 2086 338 2116 stri-atis
352 2107 360 2120 ,
395 2084 492 2114 verum
512 2092 576 2112 nem
638 2082 701 2112 cru’s
727 2090 852 2113 antenus
871 2082 987 2113 cerebri.

281 2124 575 2163 (mySTssxoui
617 2145 625 2158 ‚
653 2123 724 2152 W:
742 2132 888 2154 Nscow
916 2133 939 2152 n,
961 2123 1023 2157 65:
1052 2122 1290 2160 ΒΛΒτΗοιι
1309 2134 1383 2156 Nus
1405 2135 1430 2164 p.
1450 2135 1518 2164 490.

280 2166 349 2202 (n)
368 2164 448 2195 Co‘nf
479 2165 584 2192 iconem
611 2166 714 2192 novum
730 2165 880 2192 >venerit-ul.
905 2162 1008 2193 cerebri
1025 2162 1065 2192 Cl.
1098 2163 1129 2192 C.
1160 2165 1233 2201 Aug.
1257 2175 1271 2194 a
1286 2165 1306 2196 B
1321 2177 1333 2190 ι-
1351 2176 1367 2195 R
1381 2176 1399 2195 G
1413 2176 1428 2195 η
1442 2175 1474 2195 Ν.
1810 2193 1813 2195 ,

281 2206 347 2242 (ο)
389 2205 428 2234 lta
462 2211 570 2234 veteres
604 2206 630 2234 Bc
660 2204 686 2233 O
703 2214 769 2233 nris
784 2214 801 2233 A
818 2213 910 2234 snus
954 2214 979 2240 p.
1009 2208 1034 2237 8.
1100 2203 1300 2235 Ventriculum
1334 2207 1363 2236 in
1400 2205 1516 2236 cerebro
1548 2206 1603 2242 iam
1625 2207 1813 2243 Anum-

240 2257 262 2274 ’δ’
276 2258 291 2277 ‘³
308 2257 324 2276 Ι·
338 2256 353 2276 ¹³
364 2256 375 2274 ³
405 2250 577 2283 cognoverat
604 2245 634 2273 in
659 2243 718 2283 hfi,
751 2246 842 2278 anim,
883 2245 911 2276 ἃ
949 2244 971 2275 E
982 2253 1002 2275 a
1017 2253 1038 2275 Λ
1054 2254 1111 2277 sts
1124 2256 1145 2285 χι·
1159 2254 1178 2276 ι
1192 2256 1213 2276 Λ
1225 2255 1246 2276 τ
1260 2256 1280 2277 υ
1291 2255 1305 2278 s
1326 2247 1402 2286 apud
1425 2246 1590 2282 Gnatum
1601 2246 1637 2279 de
1660 2249 1745 2287 Hipp,
1772 2247 1812 2286 Εσ]

237 2288 306 2335 ἔξω
318 2308 325 2318 .
353 2287 452 2317 decret.
472 2284 579 2332 Lava
598 2293 624 2324 c,
640 2293 667 2324 3.
1605 2294 1607 2296 ,
