1880 2660
577 109 1191 160 ADDENDA.
1587 122 1662 161 593

84 211 238 252 trorsum
264 208 491 248 circumflexa
518 209 554 246 in
578 211 734 256 priorem
754 210 940 247 occursum
960 209 1149 246 fleerunrur
1169 207 1209 245 In
1226 219 1353 245 eorum
1372 219 1482 251 cavo,
1515 219 1597 245 nam
1613 207 1658 246 ad

81 272 234 309 modum
252 269 471 306 concharum
486 280 566 305 cava
582 269 660 306 sunt
674 297 684 311 ‚
712 271 865 305 anterius
889 269 978 305 linea
996 268 1060 305 alia
1078 267 1335 304 conchiformis
1351 269 1490 304 brevior
1510 269 1653 304 eminet.

142 330 304 367 Exterior
336 339 513 365 cornuum
541 329 749 365 convexitas
778 328 938 364 thalamis
977 329 1105 375 opticis
1132 335 1300 375 tanquam
1334 329 1460 374 vagina
1495 328 1658 363 contiue-

80 396 138 426 tur
154 389 187 423 &
207 387 407 424 occultatur
426 414 435 428 ‚
473 393 513 423 ut
543 386 611 423 sola
625 387 800 434 posterior
813 398 889 434 pars
903 386 996 423 nuda
1010 387 1162 422 emineat
1179 413 1188 427 ,
1215 396 1291 423 tum
1307 397 1382 433 pars
1397 386 1485 422 rec‘la
1505 387 1659 422 anterio-

81 448 129 484 ris
152 458 277 483 cornu.
314 445 461 482 Rubella
497 445 772 482 valleculainter
794 447 1009 482 anteriorem
1043 444 1150 480 finem
1180 444 1228 480 est
1260 445 1294 480 ἃ
1317 444 1566 492 posteriorem.

140 504 181 542 In
203 504 333 541 eodem
355 515 465 552 porro
496 515 585 541 cavo
622 503 845 545 ventriculo,
884 515 993 552 quem
1025 515 1108 540 cum
1145 503 1307 540 thalamis
1335 515 1473 540 cornua
1506 505 1659 540 Ammo-

82 565 136 601 nis
164 564 278 600 facere
308 562 454 604 credas,
501 563 549 599 est
583 573 681 599 arcus
709 562 1006 611 semicirculm·is,
1045 560 1203 600 colliculi
1235 564 1271 599 in
1303 562 1457 599 modum
1491 561 1660 604 elevatus,

88 624 154 671 qui
182 623 295 659 oritur
329 633 372 658 ex
404 621 511 657 latere
537 617 715 658 columnae
750 621 926 657 inferioris
959 623 1123 662 cerebri,
1173 633 1264 669 aque
1309 622 1383 668 ejus
1420 623 1566 658 internae
1602 620 1664 658 fas-

85 685 147 719 ciae
165 682 262 730 parte
285 682 452 717 exteriori
470 707 478 721 ,
519 680 555 716 δε
584 680 632 716 est
663 681 786 718 eadem
815 679 915 716 radix
933 682 1033 716 nervi
1061 680 1172 727 optici
1205 679 1393 728 posterior.
1444 681 1497 717 Ab
1522 692 1566 717 eo
1589 679 1665 716 col-

36 743 43 752 '
83 740 195 778 liculo
241 739 432 777 nascuntur
466 738 561 775 fibrae
598 739 788 777 interiores
831 738 996 781 thalami,
1043 738 1318 788 pulcherrimae,
1363 738 1532 781 alternae,
1572 739 1659 776 albae

87 800 123 836 δι
148 800 306 836 cinereae.

141 858 327 906 Sequitur,
359 855 494 904 semper
515 857 551 892 in
580 855 706 893 eadem
733 857 904 905 regione,
945 855 1160 894 tuberculum
1192 854 1408 904 cordifhrme.
1478 855 1520 894 In
1549 858 1667 906 cypri-

85 928 136 953 no
165 917 318 953 mediam
355 916 494 952 ovalem
530 923 667 964 partem
700 916 877 952 cineream
907 915 1031 959 habet,
1070 917 1104 952 δι’,
1127 917 1212 954 duas
1250 916 1292 952 ad
1332 916 1419 954 latus
1450 918 1668 964 graciliores.

84 975 141 1012 Ab
168 975 237 1012 istis
267 985 381 1011 cornu
407 976 586 1011 ammonis
620 974 794 1024 posterius
826 975 988 1012 nascitur.
1051 973 1159 1011 Possis
1202 976 1333 1017 etiam,
1373 977 1422 1012 ob
1445 974 1549 1013 situm
1571 976 1606 1012 &
1627 974 1672 1011 sr-

85 1032 329 1071 militudinem
367 1044 450 1070 cum
477 1032 686 1070 animalibus
713 1033 1003 1082 quadrupedibus
1035 1045 1195 1071 vermem
1237 1033 1366 1071 dicere.
1428 1032 1559 1071 Inlidet
1592 1046 1672 1071 cru-

83 1093 182 1130 ribus
222 1091 389 1129 cerebelli
426 1091 607 1133 medium,
644 1091 679 1128 &
711 1103 840 1141 magna
873 1092 990 1130 radice
1030 1104 1048 1129 a
1082 1092 1263 1130 columnis
1299 1094 1414 1130 oritur
1448 1093 1491 1130 ad
1526 1092 1672 1130 thalami

85 1150 200 1188 latera.
220 1149 336 1188 Partes
356 1151 430 1197 ejus
449 1150 606 1186 laterales
625 1150 712 1186 albae
733 1150 820 1187 dant
843 1150 1068 1188 accefforiam
1082 1151 1240 1189 radicem
1261 1153 1476 1188 anteriorem
1493 1151 1534 1188 ad
1555 1163 1671 1189 cornu

66 1211 278 1260 emmonis.
323 1207 503 1246 Caeterum
541 1209 662 1257 pontis
688 1208 731 1245 ad
754 1209 906 1247 modum
927 1209 1131 1247 insternitur
1160 1210 1404 1260 aquaeductui,
1439 1211 1476 1247 &
1502 1209 1693 1259 deorsum

86 1268 235 1317 quidem
275 1267 390 1305 versus
429 1266 604 1305 calamum
640 1266 866 1316 scriptorium
906 1268 1009 1306 simili
1049 1270 1138 1306 rima
1170 1268 1396 1312 inscribitur,
1431 1281 1586 1318 cumque
1627 1281 1671 1306 eo

86 1328 245 1365 canalem
277 1325 411 1368 efficit,
446 1337 555 1374 quem
574 1326 704 1362 dixeris
734 1327 978 1373 aquaerluc‘tzm.
1042 1327 1161 1366 Habet
1190 1329 1296 1365 etiarn
1326 1327 1672 1377 inscriptos&emi-

85 1393 211 1424 nentes
232 1397 332 1423 arcus
362 1385 575 1423 medullares
603 1397 622 1423 a
653 1384 777 1424 dextra
797 1386 1169 1425 cerebricolumnain
1186 1386 1356 1425 finistram
1368 1386 1438 1425 fere
1449 1386 1675 1426 semicirculo

87 1444 265 1494 descripto
298 1445 537 1482 continuitos.

147 1504 316 1552 Superius
340 1504 437 1540 idem
462 1515 554 1552 pons
587 1503 625 1539 in
647 1504 800 1554 cyprino
811 1504 979 1552 capitone
1019 1504 1221 1543 inscribitur
1238 1505 1382 1544 duobus
1399 1505 1581 1543 tuberculis
1594 1505 1673 1555 ahs-

69 1561 190 1614 ⁴confis
205 1590 215 1604 ,
251 1574 329 1611 qnae
353 1573 483 1610 nempe
502 1561 653 1599 demum
685 1571 810 1612 aperto
834 1563 1036 1602 ventriculo
1055 1565 1091 1601 &
1116 1566 1266 1602 remotis
1287 1565 1453 1603 thalamis
1475 1565 1673 1615 adparent,

89 1622 126 1659 &
157 1620 422 1669 hemisphaerica
453 1620 544 1657 sunt.

146 1679 187 1717 In
217 1679 353 1722 troiia,
387 1677 535 1716 mustela
567 1678 605 1713 δε
638 1689 743 1725 perca
782 1686 964 1727 quatuor3
997 1681 1116 1718 minus
1153 1688 1275 1719 tamen
1307 1680 1466 1719 distinsta
1507 1681 1586 1721 sunt
1616 1689 1674 1721 tu-

87 1737 242 1776 bercula.
1114 1785 1118 1789 Α

73 1846 75 1849 Ι
146 1797 187 1835 In
222 1795 315 1846 pisce
360 1795 510 1837 Ferrat,
561 1795 623 1844 qui
666 1794 711 1832 de
749 1796 889 1845 cyprini
933 1808 1066 1845 genere
1092 1797 1165 1840 est,
1199 1798 1289 1847 nihil
1320 1797 1575 1843 mammillam,
1614 1799 1675 1838 sed

86 1857 199 1894 tribus
235 1855 334 1892 lineis
367 1854 538 1903 sulcisque
580 1853 769 1903 profundis
819 1854 1005 1905 inscriptus
1032 1857 1161 1894 vermis
1190 1857 1264 1900 est,
1300 1856 1363 1908 qui
1397 1858 1675 1909 quadrupedum

87 1915 256 1953 fabricam
288 1914 483 1952 aemulatur.

148 1972 319 2021 Denique
356 1975 448 2010 inter
493 1971 670 2009 thalamos
708 1969 925 2021 commrffitra
960 1972 1095 2010 cerebri
1125 1975 1310 2019 anterior,
1361 1982 1446 2014 ante
1487 1976 1675 2015 tubercula

88 2031 337 2072 mammillaria
372 2030 539 2080 adparet,
575 2042 653 2080 quae
683 2043 702 2067 a
726 2031 850 2068 dextra
886 2031 1056 2070 columna
1087 2034 1122 2071 in
1141 2033 1312 2072 sinistram
1338 2046 1418 2072 non
1440 2036 1589 2074 minima
1607 2035 1675 2074 fer:-

89 2100 166 2134 tur,
197 2091 233 2128 &
259 2089 468 2131 columnas,
503 2089 661 2138 indeque
688 2097 783 2128 ortas
808 2090 942 2128 radices
965 2093 1160 2129 anteriores
1199 2093 1446 2132 thalamorum
1479 2097 1567 2133 unit.

148 2150 244 2188 Inter
276 2159 353 2186 eam
391 2146 662 2186 commissuram
699 2149 735 2186 δε
771 2149 956 2188 tubercula
1000 2151 1210 2190 abscondita
1248 2153 1297 2191 est
1330 2153 1448 2192 aditus
1479 2155 1516 2191 in
1557 2165 1674 2204 aquae-

91 2208 249 2248 ductum.

150 2267 195 2305 Et
224 2273 311 2305 tunc
341 2264 489 2304 calamus
503 2265 713 2317 scriptorius
734 2265 981 2317 conspicitur,
1014 2271 1076 2319 qui
1108 2269 1194 2310 duas
1234 2270 1422 2313 columnas
1447 2270 1600 2322 separat,
1635 2272 1673 2309 δε

580 2339 584 2341 ·
871 2323 898 2365 F
908 2325 927 2365 f
938 2327 957 2365 f
964 2326 983 2365 f
1044 2339 1061 2373 3
1576 2331 1678 2378 cujus
