1957 2630
498 98 850 166 mecvm.
940 128 1253 168 NERV
1314 130 1340 167 1.
1562 138 1671 180 „269

142 223 242 261 Dum
275 232 392 261 autem
417 234 478 271 per
510 223 653 260 lumbos
683 222 863 260 dsscendit
882 250 891 264 ‚
928 223 963 259 δε
993 235 1033 260 os
1057 223 1214 266 sacrum,
1251 223 1488 272 sympathicus
1517 236 1646 261 nervus

75 282 230 323 radices,
265 281 337 331 jain
358 283 522 318 excitatas
542 310 550 323 ‚
590 282 690 318 addit
723 281 845 330 plexui
880 281 1098 319 mesocolico
1117 282 1221 332 (k),
1268 283 1393 334 plexui
1423 284 1645 333 hypogaltri-

75 353 120 377 co
137 343 152 388 (
169 340 205 386 l)
232 354 317 390 quas
341 352 417 376 non
442 342 645 389 repetiinus.

545 479 954 542 SEC'TJO
1031 504 1177 542 VJJ.

205 610 781 649 PHAENOMENA
844 611 1043 650 VIVI
1105 612 1497 651 CEREBRI.

623 723 654 764 §-
691 719 715 756 Ι.
784 720 903 768 Sensus
935 721 1018 768 quid
1035 718 1094 771 fit.

192 827 314 866 Erebri
349 828 384 864 &
425 838 621 864 nervorum
647 829 699 864 uti
732 830 904 866 continua
936 836 1059 866 natura
1094 828 1167 870 est,
1196 830 1242 866 ita
1268 841 1330 878 par
1358 828 1528 867 officium.
1594 829 1652 867 De

212 900 254 924 eo
285 896 323 924 ut
359 885 583 928 definiamus,
623 889 880 935 experimentis
913 887 1133 936 potissimum
1154 894 1318 929 utemur,
1365 900 1432 925 nec
1464 889 1553 926 ultra
1578 889 1651 925 sen-

74 946 176 984 suum
210 946 410 983 testimonia
441 945 608 983 hastenus
650 948 934 993 progrediemur.

138 1005 272 1041 §entire
299 1004 358 1041 hic
388 1004 559 1045 dicimus,
622 1005 786 1052 populari
830 1007 984 1042 omnino
1031 1003 1291 1052 fignificatione
1335 1006 1408 1051 ejus
1439 1006 1538 1042 vocis
1575 1004 1648 1047 usi,

76 1075 329 1112 quamcunque
362 1064 489 1099 mentis
533 1060 660 1099 nostrae
691 1065 954 1106 mutatiOnem‚
1005 1075 1082 1111 quae
1111 1074 1155 1099 ex
1193 1065 1356 1114 (0:p0ris
1389 1062 1537 1101 humani
1567 1076 1652 1101 cum

75 1130 196 1159 mente
226 1124 382 1159 connexi
414 1122 578 1159 contastu
606 1124 730 1164 oritur,
797 1122 832 1159 Si
868 1124 947 1171 quis
969 1121 1068 1159 aliter
1106 1133 1144 1158 ea
1175 1134 1264 1159 voce
1290 1125 1429 1165 utitur,
1480 1123 1515 1159 ὃς
1551 1134 1653 1159 men-

77 1182 119 1218 tis
154 1182 392 1218 mutationem
429 1193 447 1217 a
481 1180 578 1218 sensu
610 1180 686 1216 vult
724 1181 920 1222 exclusam,
972 1193 1054 1219 eum
1089 1192 1308 1223 monemus,
1359 1193 1404 1217 ne
1436 1183 1652 1219 mutationes

78 1239 256 1278 cadaveris
277 1251 359 1277 cum
385 1240 550 1287 corporis
587 1239 658 1275 vivi
683 1238 780 1277 sensu
815 1240 1024 1278 confundat.
1086 1239 1182 1276 Nam
1203 1241 1307 1276 etism
1343 1239 1521 1277 cadaveris
1539 1247 1653 1289 partes

78 1311 97 1336 a
122 1309 316 1346 corporum
348 1297 568 1346 potiffimum
597 1299 775 1336 acriorum
804 1300 970 1337 contactu
996 1301 1033 1336 in
1063 1305 1208 1336 motum
1237 1300 1403 1346 cientur}
1457 1311 1533 1336 eam
1568 1310 1654 1336 vero

78 1359 317 1395 mutationem
347 1368 457 1393 nemo
493 1368 559 1405 pro
590 1356 688 1394 sensu
721 1357 913 1396 habuerit.-

138 1417 254 1453 Sentit
283 1414 373 1451 adeo
388 1426 540 1457 nervus,
574 1426 704 1463 nempe
738 1415 760 1451 fi
792 1429 810 1452 a
841 1428 995 1465 corpore
1015 1427 1239 1465 quocunque
1257 1417 1511 1463 contingatur,
1546 1415 1655 1452 nasci-

80 1477 193 1513 turin
225 1475 342 1511 anima
369 1475 543 1514 mutatio,
597 1485 658 1521 per
688 1485 795 1522 quam
823 1476 897 1521 ejus
930 1474 1114 1512 contaetus
1144 1474 1284 1512 conscia
1327 1474 1496 1512 redditur.
1565 1475 1656 1512 Cor-

78 1545 146 1583 pus
182 1533 338 1569 diximus
368 1532 637 1580 quodcunque,
680 1544 760 1568 nam
793 1534 829 1569 ἅς
868 1546 948 1575 aer,
993 1534 1088 1569 venti
1112 1532 1248 1581 specie,
1307 1534 1342 1569 &
1375 1532 1490 1575 calor,
1531 1534 1564 1569 δι
1593 1533 1657 1570 lux

79 1592 175 1640 ipsa,
210 1600 270 1629 aut
300 1602 373 1628 rara
400 1593 436 1626 ist
469 1590 599 1631 oculo,
632 1597 692 1627 aut
724 1592 760 1627 in
789 1591 912 1629 focum
942 1603 1004 1640 per
1032 1592 1118 1628 vitra
1148 1603 1314 1629 convexa
1329 1600 1388 1630 aut
1408 1603 1566 1629 concava
1583 1591 1658 1629 col-

79 1651 190 1692 ledta,
228 1661 356 1687 nervos
390 1649 530 1685 nostros
557 1647 685 1685 adficit.

140 1708 255 1746 Facile
280 1709 512 1756 intelligitur,
548 1719 622 1755 quo
659 1708 770 1755 nsajus
814 1709 1001 1756 corporis,
1047 1721 1176 1746 nervos
1221 1709 1361 1746 nostros
1388 1710 1652 1758 contingentis,

80 1768 236 1817 pondus,
270 1778 345 1815 quo
381 1767 494 1812 major
517 1767 705 1808 velocitas,
742 1774 802 1804 aut
837 1769 1020 1815 potentius
1050 1776 1278 1806 momentum
1313 1767 1419 1805 fuerit
1444 1797 1453 1810 ‚
1494 1781 1537 1805 eo
1551 1770 1657 1805 etiam

70 1827 314 1864 -sensationem
343 1825 420 1861 fore
449 1825 674 1861 vividiorem.
751 1825 873 1870 Quare
908 1824 931 1860 s1
965 1832 1040 1862 tota
1072 1827 1146 1871 ejus
1177 1827 1340 1874 corporis
1374 1826 1463 1863 aelio
1502 1829 1538 1863 in
1572 1839 1659 1875 puu-

83 1883 200 1932 ca(l)
232 1884 359 1931 punc‘ta
388 1883 567 1920 sentientis
605 1885 714 1933 partis
740 1883 846 1921 fuerit
870 1883 1015 1920 colleffita
1034 1911 1044 1926 ,
1083 1896 1125 1921 eo
1157 1885 1384 1922 etiamacrior
1407 1885 1491 1922 inde
1513 1887 1549 1922 in
1578 1886 1659 1923 ani·

82 1956 140 1981 ma
168 1942 313 1979 sensatio
342 1942 514 1990 sequetur.

143 2000 304 2046 Quando
331 2000 406 2037 haec
434 2002 555 2038 omnia
590 2001 725 2047 majora
764 2001 842 2039 sunt
868 2003 904 2038 in
930 2013 1083 2050 corpore
1110 2014 1262 2040 nervum
1305 2003 1466 2041 nostrum
1518 2004 1659 2040 contin-

84 2069 213 2108 gente,
249 2067 336 2097 tune
364 2059 478 2097 sensus
517 2061 551 2095 in
586 2058 752 2096 dolorem
785 2060 994 2108 degenerat,
1047 2061 1193 2098 exosum
1222 2063 1351 2099 animae
1385 2063 1533 2104 statum,
1583 2073 1658 2110 quo

84 2120 247 2160 monita,
284 2119 427 2167 gravius
457 2130 555 2157 nunc
585 2129 715 2167 corpus
741 2118 840 2158 suum
870 2119 975 2158 adfici
994 2147 1002 2161 ‚
1042 2119 1086 2156 de
1110 2119 1273 2159 remedio
1309 2122 1468 2170 cogitare
1484 2121 1640 2168 cogitur.

905 2196 936 2234 L
969 2196 979 2234 l
1045 2207 1062 2240 3
1537 2196 1659 2235 Dolor

179 2349 192 2384 >
219 2358 246 2385 p.
276 2350 342 2378 266.
366 2350 433 2384 267.

175 2390 189 2428 )
217 2389 358 2421 Loium
384 2391 431 2421 des
453 2389 529 2422 alim.
554 2390 588 2421 T.
611 2390 645 2422 11.
675 2401 704 2430 p.
721 2399 770 2430 40.
