<?xml version="1.0" encoding="UTF-8"?>
<!DOCTYPE html PUBLIC "-//W3C//DTD XHTML 1.0 Transitional//EN"
    "http://www.w3.org/TR/xhtml1/DTD/xhtml1-transitional.dtd">
<html xmlns="http://www.w3.org/1999/xhtml" xml:lang="en" lang="en">
 <head>
  <title>
</title>
<meta http-equiv="Content-Type" content="text/html;charset=utf-8" />
  <meta name='ocr-system' content='tesseract 3.04.00' />
  <meta name='ocr-capabilities' content='ocr_page ocr_carea ocr_par ocr_line ocrx_word'/>
</head>
<body>
  <div class='ocr_page' id='page_1' title='image "./elementaphysiolo04hall_0611.png"; bbox 0 0 1880 2660; ppageno 0'>
   <div class='ocr_carea' id='block_1_1' title="bbox 813 96 1061 150">
    <p class='ocr_par' dir='ltr' id='par_1_1' title="bbox 813 96 1061 150">
     <span class='ocr_line' id='line_1_1' title="bbox 813 96 1061 150; baseline -0.016 0"><span class='ocrx_word' id='word_1_1' title='bbox 813 96 1061 150; x_wconf 73' lang='lat'>[591]</span> 
     </span>
    </p>
   </div>
   <div class='ocr_carea' id='block_1_2' title="bbox 150 199 1695 216">
    <p class='ocr_par' dir='ltr' id='par_1_2' title="bbox 150 199 1695 216">
     <span class='ocr_line' id='line_1_2' title="bbox 150 199 1695 216; baseline 0 2444"><span class='ocrx_word' id='word_1_2' title='bbox 150 199 1695 216; x_wconf 95' lang='lat' dir='ltr'> </span> 
     </span>
    </p>
   </div>
   <div class='ocr_carea' id='block_1_3' title="bbox 553 261 1288 321">
    <p class='ocr_par' dir='ltr' id='par_1_3' title="bbox 553 261 1288 321">
     <span class='ocr_line' id='line_1_3' title="bbox 553 261 1288 321; baseline -0.004 0"><span class='ocrx_word' id='word_1_3' title='bbox 553 261 1288 321; x_wconf 80' lang='lat' dir='ltr'><strong>ADDENDA.</strong></span> 
     </span>
    </p>
   </div>
   <div class='ocr_carea' id='block_1_4' title="bbox 127 384 1714 466">
    <p class='ocr_par' dir='ltr' id='par_1_4' title="bbox 127 384 1714 466">
     <span class='ocr_line' id='line_1_4' title="bbox 127 384 1714 466; baseline -0.001 -12"><span class='ocrx_word' id='word_1_4' title='bbox 127 384 516 465; x_wconf 45' lang='grc' dir='ltr'>ἯἨΞΞΝΜΟΜΕΠ</span> <span class='ocrx_word' id='word_1_5' title='bbox 545 426 787 466; x_wconf 69' lang='lat' dir='ltr'>comparatam</span> <span class='ocrx_word' id='word_1_6' title='bbox 814 415 954 455; x_wconf 84' lang='lat' dir='ltr'>cerebri</span> <span class='ocrx_word' id='word_1_7' title='bbox 981 415 1102 465; x_wconf 70' lang='lat' dir='ltr'>paffim</span> <span class='ocrx_word' id='word_1_8' title='bbox 1141 418 1305 454; x_wconf 75' lang='lat' dir='ltr'>excitavi.</span> <span class='ocrx_word' id='word_1_9' title='bbox 1387 416 1514 456; x_wconf 86' lang='lat' dir='ltr'>Visum</span> <span class='ocrx_word' id='word_1_10' title='bbox 1551 417 1600 454; x_wconf 80' lang='lat' dir='ltr'>est</span> <span class='ocrx_word' id='word_1_11' title='bbox 1638 429 1714 453; x_wconf 64' lang='lat' dir='ltr'>eam</span> 
     </span>
    </p>
   </div>
   <div class='ocr_carea' id='block_1_5' title="bbox 103 442 1715 2232">
    <p class='ocr_par' dir='ltr' id='par_1_5' title="bbox 126 442 1715 878">
     <span class='ocr_line' id='line_1_5' title="bbox 160 442 180 461; baseline 0 -3"><span class='ocrx_word' id='word_1_12' title='bbox 160 442 180 461; x_wconf 54' lang='grc' dir='ltr'><strong>Φ</strong></span> 
     </span>
     <span class='ocr_line' id='line_1_6' title="bbox 129 453 1715 551; baseline -0.001 -39"><span class='ocrx_word' id='word_1_13' title='bbox 129 468 180 520; x_wconf 52' lang='grc' dir='ltr'>Ὗ</span> <span class='ocrx_word' id='word_1_14' title='bbox 207 453 250 497; x_wconf 77' lang='lat' dir='ltr'><strong>A</strong></span> <span class='ocrx_word' id='word_1_15' title='bbox 270 471 322 551; x_wconf 57' lang='grc' dir='ltr'>ΣΞ</span> <span class='ocrx_word' id='word_1_16' title='bbox 355 476 413 513; x_wconf 88' lang='lat' dir='ltr'>hic</span> <span class='ocrx_word' id='word_1_17' title='bbox 436 479 472 513; x_wconf 87' lang='lat' dir='ltr'>in</span> <span class='ocrx_word' id='word_1_18' title='bbox 502 476 664 513; x_wconf 77' lang='lat' dir='ltr'>addenda</span> <span class='ocrx_word' id='word_1_19' title='bbox 700 477 903 523; x_wconf 82' lang='lat' dir='ltr'><strong>conjicere,</strong></span> <span class='ocrx_word' id='word_1_20' title='bbox 940 488 1023 513; x_wconf 87' lang='lat' dir='ltr'>cum</span> <span class='ocrx_word' id='word_1_21' title='bbox 1059 475 1180 527; x_wconf 69' lang='lat' dir='ltr'>passim</span> <span class='ocrx_word' id='word_1_22' title='bbox 1209 485 1376 524; x_wconf 78' lang='lat' dir='ltr'>oporteat</span> <span class='ocrx_word' id='word_1_23' title='bbox 1409 477 1524 525; x_wconf 83' lang='lat' dir='ltr'>aliqua</span> <span class='ocrx_word' id='word_1_24' title='bbox 1557 477 1715 524; x_wconf 81' lang='lat' dir='ltr'>primum</span> 
     </span>
     <span class='ocr_line' id='line_1_7' title="bbox 126 500 1715 583; baseline -0.002 -11"><span class='ocrx_word' id='word_1_25' title='bbox 126 500 321 578; x_wconf 52' lang='grc' dir='ltr'>Ε’Ξςξέἷχ)</span> <span class='ocrx_word' id='word_1_26' title='bbox 355 546 399 572; x_wconf 84' lang='lat' dir='ltr'>ex</span> <span class='ocrx_word' id='word_1_27' title='bbox 420 535 472 572; x_wconf 84' lang='lat' dir='ltr'>his</span> <span class='ocrx_word' id='word_1_28' title='bbox 498 536 586 572; x_wconf 83' lang='lat' dir='ltr'>meis</span> <span class='ocrx_word' id='word_1_29' title='bbox 617 537 722 573; x_wconf 83' lang='lat' dir='ltr'>novis</span> <span class='ocrx_word' id='word_1_30' title='bbox 755 535 1054 572; x_wconf 67' lang='lat' dir='ltr'>adnotationibus</span> <span class='ocrx_word' id='word_1_31' title='bbox 1088 535 1288 572; x_wconf 78' lang='lat' dir='ltr'>emendare.</span> <span class='ocrx_word' id='word_1_32' title='bbox 1353 535 1458 574; x_wconf 82' lang='lat' dir='ltr'>Solos</span> <span class='ocrx_word' id='word_1_33' title='bbox 1494 535 1603 583; x_wconf 80' lang='lat' dir='ltr'>pisces</span> <span class='ocrx_word' id='word_1_34' title='bbox 1636 537 1715 581; x_wconf 66' lang='lat' dir='ltr'>qui-</span> 
     </span>
     <span class='ocr_line' id='line_1_8' title="bbox 132 592 1714 642; baseline -0.001 -12"><span class='ocrx_word' id='word_1_35' title='bbox 132 595 216 631; x_wconf 87' lang='lat' dir='ltr'>dem</span> <span class='ocrx_word' id='word_1_36' title='bbox 252 594 445 636; x_wconf 84' lang='lat' dir='ltr'>lacustres,</span> <span class='ocrx_word' id='word_1_37' title='bbox 475 595 508 631; x_wconf 83' lang='lat'>&amp;</span> <span class='ocrx_word' id='word_1_38' title='bbox 536 592 743 636; x_wconf 61' lang='lat' dir='ltr'>fluviaules,</span> <span class='ocrx_word' id='word_1_39' title='bbox 777 595 838 642; x_wconf 89' lang='lat' dir='ltr'>qui</span> <span class='ocrx_word' id='word_1_40' title='bbox 866 594 983 630; x_wconf 82' lang='lat' dir='ltr'>hieme</span> <span class='ocrx_word' id='word_1_41' title='bbox 1018 595 1227 641; x_wconf 59' lang='lat' dir='ltr'>capiuntur,</span> <span class='ocrx_word' id='word_1_42' title='bbox 1275 594 1435 630; x_wconf 78' lang='lat' dir='ltr'>incidere</span> <span class='ocrx_word' id='word_1_43' title='bbox 1471 593 1592 635; x_wconf 78' lang='lat' dir='ltr'>licuit,</span> <span class='ocrx_word' id='word_1_44' title='bbox 1641 592 1714 630; x_wconf 69' lang='lat' dir='ltr'>Sa!-</span> 
     </span>
     <span class='ocr_line' id='line_1_9' title="bbox 131 651 1712 700; baseline -0.001 -11"><span class='ocrx_word' id='word_1_45' title='bbox 131 664 280 695; x_wconf 85' lang='lat' dir='ltr'>mones,</span> <span class='ocrx_word' id='word_1_46' title='bbox 323 653 469 690; x_wconf 74' lang='lat' dir='ltr'>trociam</span> <span class='ocrx_word' id='word_1_47' title='bbox 519 652 736 694; x_wconf 70' lang='lat' dir='ltr'>lacustrcm,</span> <span class='ocrx_word' id='word_1_48' title='bbox 797 653 948 690; x_wconf 70' lang='lat' dir='ltr'>troclam</span> <span class='ocrx_word' id='word_1_49' title='bbox 997 653 1214 690; x_wconf 72' lang='lat' dir='ltr'>ton-entium</span> <span class='ocrx_word' id='word_1_50' title='bbox 1258 652 1500 700; x_wconf 71' lang='lat' dir='ltr'>alpinorum,</span> <span class='ocrx_word' id='word_1_51' title='bbox 1532 651 1712 693; x_wconf 55' lang='lat' dir='ltr'>tresiani,</span> 
     </span>
     <span class='ocr_line' id='line_1_10' title="bbox 137 709 1713 760; baseline -0.002 -11"><span class='ocrx_word' id='word_1_52' title='bbox 137 723 226 760; x_wconf 59' lang='lat' dir='ltr'>quae„</span> <span class='ocrx_word' id='word_1_53' title='bbox 270 711 399 749; x_wconf 69' lang='lat' dir='ltr'>Omlrre</span> <span class='ocrx_word' id='word_1_54' title='bbox 450 710 636 748; x_wconf 70' lang='lat' dir='ltr'>Chewlz&#39;cr</span> <span class='ocrx_word' id='word_1_55' title='bbox 675 714 713 748; x_wconf 91' lang='lat' dir='ltr'>in</span> <span class='ocrx_word' id='word_1_56' title='bbox 755 711 835 749; x_wconf 83' lang='lat' dir='ltr'>lacu</span> <span class='ocrx_word' id='word_1_57' title='bbox 863 710 1027 748; x_wconf 78' lang='lat' dir='ltr'>Lemano</span> <span class='ocrx_word' id='word_1_58' title='bbox 1071 712 1232 756; x_wconf 79' lang='lat' dir='ltr'>dicitur3</span> <span class='ocrx_word' id='word_1_59' title='bbox 1285 709 1455 753; x_wconf 65' lang='lat' dir='ltr'>Perenni,</span> <span class='ocrx_word' id='word_1_60' title='bbox 1511 710 1713 760; x_wconf 86' lang='lat' dir='ltr'>Cyprinum</span> 
     </span>
     <span class='ocr_line' id='line_1_11' title="bbox 132 768 1714 820; baseline -0.001 -14"><span class='ocrx_word' id='word_1_61' title='bbox 132 771 332 818; x_wconf 81' lang='lat' dir='ltr'>grandem,</span> <span class='ocrx_word' id='word_1_62' title='bbox 366 769 596 818; x_wconf 79' lang='lat' dir='ltr'>cyprinum,</span> <span class='ocrx_word' id='word_1_63' title='bbox 633 769 695 818; x_wconf 89' lang='lat' dir='ltr'>qui</span> <span class='ocrx_word' id='word_1_64' title='bbox 724 772 869 820; x_wconf 81' lang='lat' dir='ltr'>capit03</span> <span class='ocrx_word' id='word_1_65' title='bbox 914 769 1093 816; x_wconf 73' lang='lat' dir='ltr'>Tincam,</span> <span class='ocrx_word' id='word_1_66' title='bbox 1132 768 1330 807; x_wconf 82' lang='lat' dir='ltr'>Mustelam</span> <span class='ocrx_word' id='word_1_67' title='bbox 1362 769 1572 808; x_wconf 75' lang='lat' dir='ltr'>fluviatilem</span> <span class='ocrx_word' id='word_1_68' title='bbox 1603 768 1714 814; x_wconf 74' lang='lat' dir='ltr'>[Aar-</span> 
     </span>
     <span class='ocr_line' id='line_1_12' title="bbox 127 827 1335 878; baseline 0 -12"><span class='ocrx_word' id='word_1_69' title='bbox 127 827 275 878; x_wconf 87' lang='lat' dir='ltr'>raupe]</span> <span class='ocrx_word' id='word_1_70' title='bbox 297 858 306 872; x_wconf 98' lang='lat'>,</span> <span class='ocrx_word' id='word_1_71' title='bbox 339 828 578 876; x_wconf 88' lang='lat' dir='ltr'>Coregonum</span> <span class='ocrx_word' id='word_1_72' title='bbox 612 827 727 865; x_wconf 79' lang='lat' dir='ltr'>Ferra.</span> <span class='ocrx_word' id='word_1_73' title='bbox 1331 862 1335 866; x_wconf 92' lang='lat'>.</span> 
     </span>
    </p>

    <p class='ocr_par' dir='ltr' id='par_1_6' title="bbox 125 886 1710 997">
     <span class='ocr_line' id='line_1_13' title="bbox 186 886 1710 945; baseline -0.002 -19"><span class='ocrx_word' id='word_1_74' title='bbox 186 888 338 937; x_wconf 89' lang='lat' dir='ltr'>Cyprini</span> <span class='ocrx_word' id='word_1_75' title='bbox 361 887 530 945; x_wconf 54' lang='lat' dir='ltr'>equidem</span> <span class='ocrx_word' id='word_1_76' title='bbox 557 886 777 935; x_wconf 86' lang='lat' dir='ltr'>potiffimum</span> <span class='ocrx_word' id='word_1_77' title='bbox 819 888 1007 925; x_wconf 89' lang='lat' dir='ltr'>cerebrum</span> <span class='ocrx_word' id='word_1_78' title='bbox 1041 886 1225 930; x_wconf 82' lang='lat' dir='ltr'>describo,</span> <span class='ocrx_word' id='word_1_79' title='bbox 1267 894 1308 925; x_wconf 87' lang='lat' dir='ltr'>ut</span> <span class='ocrx_word' id='word_1_80' title='bbox 1338 894 1458 926; x_wconf 86' lang='lat' dir='ltr'>tamen</span> <span class='ocrx_word' id='word_1_81' title='bbox 1487 886 1710 937; x_wconf 69' lang='lat' dir='ltr'>reliquorum</span> 
     </span>
     <span class='ocr_line' id='line_1_14' title="bbox 125 945 1204 997; baseline 0.001 -15"><span class='ocrx_word' id='word_1_82' title='bbox 125 945 275 997; x_wconf 85' lang='lat' dir='ltr'>piscium</span> <span class='ocrx_word' id='word_1_83' title='bbox 309 946 478 984; x_wconf 84' lang='lat' dir='ltr'>fabricam</span> <span class='ocrx_word' id='word_1_84' title='bbox 502 957 585 983; x_wconf 91' lang='lat' dir='ltr'>cum</span> <span class='ocrx_word' id='word_1_85' title='bbox 611 948 751 995; x_wconf 83' lang='lat' dir='ltr'>cyprini</span> <span class='ocrx_word' id='word_1_86' title='bbox 785 946 953 984; x_wconf 59' lang='lat' dir='ltr'>structura</span> <span class='ocrx_word' id='word_1_87' title='bbox 987 957 1204 995; x_wconf 85' lang='lat' dir='ltr'>comparem.</span> 
     </span>
    </p>

    <p class='ocr_par' dir='ltr' id='par_1_7' title="bbox 121 1000 1713 1527">
     <span class='ocr_line' id='line_1_15' title="bbox 184 1000 1707 1056; baseline -0.001 -14"><span class='ocrx_word' id='word_1_88' title='bbox 184 1003 388 1048; x_wconf 86' lang='lat' dir='ltr'>Omnibus,</span> <span class='ocrx_word' id='word_1_89' title='bbox 421 1016 512 1054; x_wconf 88' lang='lat' dir='ltr'>quos</span> <span class='ocrx_word' id='word_1_90' title='bbox 545 1004 676 1047; x_wconf 88' lang='lat' dir='ltr'>incidi,</span> <span class='ocrx_word' id='word_1_91' title='bbox 710 1006 864 1056; x_wconf 83' lang='lat' dir='ltr'>piscibus</span> <span class='ocrx_word' id='word_1_92' title='bbox 898 1017 1095 1043; x_wconf 86' lang='lat' dir='ltr'>commune</span> <span class='ocrx_word' id='word_1_93' title='bbox 1113 1003 1162 1042; x_wconf 87' lang='lat' dir='ltr'>est</span> <span class='ocrx_word' id='word_1_94' title='bbox 1181 1004 1369 1042; x_wconf 84' lang='lat' dir='ltr'>cerebrum</span> <span class='ocrx_word' id='word_1_95' title='bbox 1393 1000 1707 1051; x_wconf 77' lang='lat' dir='ltr'>haberelongum.</span> 
     </span>
     <span class='ocr_line' id='line_1_16' title="bbox 123 1062 1706 1115; baseline -0.001 -15"><span class='ocrx_word' id='word_1_96' title='bbox 123 1075 251 1113; x_wconf 88' lang='lat' dir='ltr'>parum</span> <span class='ocrx_word' id='word_1_97' title='bbox 288 1062 460 1106; x_wconf 85' lang='lat' dir='ltr'>craffum,</span> <span class='ocrx_word' id='word_1_98' title='bbox 497 1064 536 1100; x_wconf 89' lang='lat' dir='ltr'>in</span> <span class='ocrx_word' id='word_1_99' title='bbox 561 1065 685 1101; x_wconf 85' lang='lat' dir='ltr'>cranio</span> <span class='ocrx_word' id='word_1_100' title='bbox 712 1063 848 1107; x_wconf 89' lang='lat' dir='ltr'>multo,</span> <span class='ocrx_word' id='word_1_101' title='bbox 898 1075 1006 1113; x_wconf 86' lang='lat' dir='ltr'>quam</span> <span class='ocrx_word' id='word_1_102' title='bbox 1035 1065 1222 1102; x_wconf 87' lang='lat' dir='ltr'>cerebrum</span> <span class='ocrx_word' id='word_1_103' title='bbox 1263 1063 1312 1101; x_wconf 88' lang='lat' dir='ltr'>est</span> <span class='ocrx_word' id='word_1_104' title='bbox 1348 1065 1499 1112; x_wconf 82' lang='lat' dir='ltr'>majori,</span> <span class='ocrx_word' id='word_1_105' title='bbox 1529 1062 1706 1115; x_wconf 74' lang='lat' dir='ltr'>positum.</span> 
     </span>
     <span class='ocr_line' id='line_1_17' title="bbox 124 1121 1713 1172; baseline -0.001 -13"><span class='ocrx_word' id='word_1_106' title='bbox 124 1121 288 1171; x_wconf 79' lang='lat' dir='ltr'>Spatium</span> <span class='ocrx_word' id='word_1_107' title='bbox 331 1123 370 1160; x_wconf 89' lang='lat' dir='ltr'>id</span> <span class='ocrx_word' id='word_1_108' title='bbox 409 1123 564 1159; x_wconf 89' lang='lat' dir='ltr'>nimium</span> <span class='ocrx_word' id='word_1_109' title='bbox 594 1123 687 1159; x_wconf 88' lang='lat' dir='ltr'>inter</span> <span class='ocrx_word' id='word_1_110' title='bbox 727 1122 854 1161; x_wconf 88' lang='lat' dir='ltr'>duram</span> <span class='ocrx_word' id='word_1_111' title='bbox 895 1123 1168 1164; x_wconf 79' lang='lat' dir='ltr'>membranam,</span> <span class='ocrx_word' id='word_1_112' title='bbox 1201 1124 1466 1172; x_wconf 84' lang='lat' dir='ltr'>cerebrumque</span> <span class='ocrx_word' id='word_1_113' title='bbox 1491 1121 1529 1159; x_wconf 88' lang='lat' dir='ltr'>in</span> <span class='ocrx_word' id='word_1_114' title='bbox 1569 1123 1713 1172; x_wconf 82' lang='lat' dir='ltr'>cyprini</span> 
     </span>
     <span class='ocr_line' id='line_1_18' title="bbox 123 1179 1708 1230; baseline -0.001 -12"><span class='ocrx_word' id='word_1_115' title='bbox 123 1193 257 1230; x_wconf 87' lang='lat' dir='ltr'>genere</span> <span class='ocrx_word' id='word_1_116' title='bbox 278 1188 397 1219; x_wconf 86' lang='lat' dir='ltr'>textus</span> <span class='ocrx_word' id='word_1_117' title='bbox 423 1179 611 1218; x_wconf 89' lang='lat' dir='ltr'>cellulosus</span> <span class='ocrx_word' id='word_1_118' title='bbox 646 1180 759 1230; x_wconf 86' lang='lat' dir='ltr'>replet</span> <span class='ocrx_word' id='word_1_119' title='bbox 784 1182 896 1230; x_wconf 87' lang='lat' dir='ltr'>nigris</span> <span class='ocrx_word' id='word_1_120' title='bbox 936 1181 1121 1230; x_wconf 87' lang='lat' dir='ltr'>percursus</span> <span class='ocrx_word' id='word_1_121' title='bbox 1155 1181 1301 1219; x_wconf 77' lang='lat' dir='ltr'>vasculis</span> <span class='ocrx_word' id='word_1_122' title='bbox 1318 1210 1328 1225; x_wconf 90' lang='lat'>,</span> <span class='ocrx_word' id='word_1_123' title='bbox 1367 1183 1403 1218; x_wconf 90' lang='lat' dir='ltr'>in</span> <span class='ocrx_word' id='word_1_124' title='bbox 1427 1181 1501 1218; x_wconf 85' lang='lat' dir='ltr'>aliis</span> <span class='ocrx_word' id='word_1_125' title='bbox 1531 1181 1708 1228; x_wconf 75' lang='lat' dir='ltr'>gelatina,</span> 
     </span>
     <span class='ocr_line' id='line_1_19' title="bbox 122 1238 1710 1283; baseline -0.001 -5"><span class='ocrx_word' id='word_1_126' title='bbox 122 1247 244 1278; x_wconf 87' lang='lat' dir='ltr'>tamen</span> <span class='ocrx_word' id='word_1_127' title='bbox 270 1241 375 1278; x_wconf 87' lang='lat' dir='ltr'>etiam</span> <span class='ocrx_word' id='word_1_128' title='bbox 398 1241 435 1277; x_wconf 88' lang='lat' dir='ltr'>in</span> <span class='ocrx_word' id='word_1_129' title='bbox 467 1239 677 1277; x_wconf 86' lang='lat' dir='ltr'>cellulosum</span> <span class='ocrx_word' id='word_1_130' title='bbox 708 1246 847 1278; x_wconf 84' lang='lat' dir='ltr'>textum</span> <span class='ocrx_word' id='word_1_131' title='bbox 873 1239 1023 1283; x_wconf 86' lang='lat' dir='ltr'>diffusa,</span> <span class='ocrx_word' id='word_1_132' title='bbox 1055 1248 1095 1278; x_wconf 87' lang='lat' dir='ltr'>ut</span> <span class='ocrx_word' id='word_1_133' title='bbox 1133 1241 1169 1277; x_wconf 88' lang='lat' dir='ltr'>in</span> <span class='ocrx_word' id='word_1_134' title='bbox 1190 1238 1348 1278; x_wconf 87' lang='lat' dir='ltr'>mustela.</span> <span class='ocrx_word' id='word_1_135' title='bbox 1402 1239 1504 1278; x_wconf 86' lang='lat' dir='ltr'>Dura</span> <span class='ocrx_word' id='word_1_136' title='bbox 1532 1239 1710 1277; x_wconf 84' lang='lat' dir='ltr'>membra-</span> 
     </span>
     <span class='ocr_line' id='line_1_20' title="bbox 121 1297 1710 1349; baseline 0 -13"><span class='ocrx_word' id='word_1_137' title='bbox 121 1310 168 1337; x_wconf 86' lang='lat' dir='ltr'>na</span> <span class='ocrx_word' id='word_1_138' title='bbox 201 1298 361 1348; x_wconf 76' lang='lat' dir='ltr'>praedura</span> <span class='ocrx_word' id='word_1_139' title='bbox 391 1298 466 1341; x_wconf 88' lang='lat' dir='ltr'>est,</span> <span class='ocrx_word' id='word_1_140' title='bbox 505 1299 562 1348; x_wconf 88' lang='lat' dir='ltr'>pia</span> <span class='ocrx_word' id='word_1_141' title='bbox 587 1299 632 1336; x_wconf 89' lang='lat' dir='ltr'>ab</span> <span class='ocrx_word' id='word_1_142' title='bbox 669 1298 825 1337; x_wconf 86' lang='lat' dir='ltr'>humana</span> <span class='ocrx_word' id='word_1_143' title='bbox 851 1310 978 1349; x_wconf 84' lang='lat' dir='ltr'>parurn</span> <span class='ocrx_word' id='word_1_144' title='bbox 1010 1298 1139 1337; x_wconf 87' lang='lat' dir='ltr'>differt.</span> <span class='ocrx_word' id='word_1_145' title='bbox 1188 1298 1394 1337; x_wconf 89' lang='lat' dir='ltr'>Discrimen</span> <span class='ocrx_word' id='word_1_146' title='bbox 1426 1297 1629 1336; x_wconf 85' lang='lat' dir='ltr'>medullaris</span> <span class='ocrx_word' id='word_1_147' title='bbox 1649 1310 1710 1336; x_wconf 83' lang='lat' dir='ltr'>na-</span> 
     </span>
     <span class='ocr_line' id='line_1_21' title="bbox 121 1357 1705 1407; baseline -0.002 -11"><span class='ocrx_word' id='word_1_148' title='bbox 121 1364 211 1396; x_wconf 88' lang='lat' dir='ltr'>turae</span> <span class='ocrx_word' id='word_1_149' title='bbox 235 1370 253 1395; x_wconf 90' lang='lat' dir='ltr'>a</span> <span class='ocrx_word' id='word_1_150' title='bbox 280 1359 435 1396; x_wconf 86' lang='lat' dir='ltr'>corticea</span> <span class='ocrx_word' id='word_1_151' title='bbox 468 1357 650 1407; x_wconf 88' lang='lat' dir='ltr'>aliquanto</span> <span class='ocrx_word' id='word_1_152' title='bbox 676 1359 795 1396; x_wconf 91' lang='lat' dir='ltr'>minus</span> <span class='ocrx_word' id='word_1_153' title='bbox 818 1358 964 1395; x_wconf 86' lang='lat' dir='ltr'>evidens</span> <span class='ocrx_word' id='word_1_154' title='bbox 994 1358 1063 1401; x_wconf 88' lang='lat' dir='ltr'>est,</span> <span class='ocrx_word' id='word_1_155' title='bbox 1114 1366 1233 1396; x_wconf 86' lang='lat' dir='ltr'>tamen</span> <span class='ocrx_word' id='word_1_156' title='bbox 1270 1360 1308 1395; x_wconf 88' lang='lat' dir='ltr'>in</span> <span class='ocrx_word' id='word_1_157' title='bbox 1351 1357 1514 1395; x_wconf 83' lang='lat' dir='ltr'>thalamis</span> <span class='ocrx_word' id='word_1_158' title='bbox 1549 1358 1705 1406; x_wconf 87' lang='lat' dir='ltr'>opticis‚</span> 
     </span>
     <span class='ocr_line' id='line_1_22' title="bbox 121 1414 1706 1467; baseline -0.001 -13"><span class='ocrx_word' id='word_1_159' title='bbox 121 1418 233 1467; x_wconf 86' lang='lat' dir='ltr'>inque</span> <span class='ocrx_word' id='word_1_160' title='bbox 265 1417 470 1455; x_wconf 75' lang='lat' dir='ltr'>ventriculis</span> <span class='ocrx_word' id='word_1_161' title='bbox 504 1416 697 1455; x_wconf 85' lang='lat' dir='ltr'>olivaribus</span> <span class='ocrx_word' id='word_1_162' title='bbox 720 1417 886 1455; x_wconf 75' lang='lat' dir='ltr'>medullae</span> <span class='ocrx_word' id='word_1_163' title='bbox 914 1416 1076 1466; x_wconf 85' lang='lat' dir='ltr'>spinalis,</span> <span class='ocrx_word' id='word_1_164' title='bbox 1127 1419 1237 1466; x_wconf 83' lang='lat' dir='ltr'>inque</span> <span class='ocrx_word' id='word_1_165' title='bbox 1282 1416 1358 1466; x_wconf 87' lang='lat' dir='ltr'>ipso</span> <span class='ocrx_word' id='word_1_166' title='bbox 1410 1415 1591 1454; x_wconf 87' lang='lat' dir='ltr'>cerebello</span> <span class='ocrx_word' id='word_1_167' title='bbox 1629 1414 1706 1454; x_wconf 82' lang='lat' dir='ltr'>satis</span> 
     </span>
     <span class='ocr_line' id='line_1_23' title="bbox 121 1474 1703 1527; baseline -0.001 -14"><span class='ocrx_word' id='word_1_168' title='bbox 121 1476 364 1514; x_wconf 81' lang='lat' dir='ltr'>manifestum.</span> <span class='ocrx_word' id='word_1_169' title='bbox 412 1475 481 1513; x_wconf 80' lang='lat' dir='ltr'>Sed</span> <span class='ocrx_word' id='word_1_170' title='bbox 512 1476 617 1512; x_wconf 87' lang='lat' dir='ltr'>etiam</span> <span class='ocrx_word' id='word_1_171' title='bbox 652 1476 806 1514; x_wconf 86' lang='lat' dir='ltr'>medulla</span> <span class='ocrx_word' id='word_1_172' title='bbox 842 1477 978 1513; x_wconf 85' lang='lat' dir='ltr'>cerebri</span> <span class='ocrx_word' id='word_1_173' title='bbox 999 1477 1146 1520; x_wconf 87' lang='lat' dir='ltr'>minus,</span> <span class='ocrx_word' id='word_1_174' title='bbox 1181 1487 1290 1525; x_wconf 83' lang='lat' dir='ltr'>quam</span> <span class='ocrx_word' id='word_1_175' title='bbox 1310 1479 1348 1513; x_wconf 79' lang='lat' dir='ltr'>in</span> <span class='ocrx_word' id='word_1_176' title='bbox 1382 1477 1499 1512; x_wconf 88' lang='lat' dir='ltr'>nervis</span> <span class='ocrx_word' id='word_1_177' title='bbox 1529 1474 1606 1513; x_wconf 86' lang='lat' dir='ltr'>alba</span> <span class='ocrx_word' id='word_1_178' title='bbox 1645 1474 1703 1527; x_wconf 81' lang='lat' dir='ltr'>est.</span> 
     </span>
    </p>

    <p class='ocr_par' dir='ltr' id='par_1_8' title="bbox 122 1533 1707 1701">
     <span class='ocr_line' id='line_1_24' title="bbox 200 1533 1705 1584; baseline -0.001 -12"><span class='ocrx_word' id='word_1_179' title='bbox 200 1534 431 1584; x_wconf 82' lang='lat' dir='ltr'>Encephalon</span> <span class='ocrx_word' id='word_1_180' title='bbox 493 1534 764 1583; x_wconf 84' lang='lat' dir='ltr'>longitudinem</span> <span class='ocrx_word' id='word_1_181' title='bbox 827 1535 953 1577; x_wconf 84' lang='lat' dir='ltr'>habet,</span> <span class='ocrx_word' id='word_1_182' title='bbox 1011 1537 1132 1572; x_wconf 86' lang='lat' dir='ltr'>minus</span> <span class='ocrx_word' id='word_1_183' title='bbox 1181 1543 1302 1572; x_wconf 85' lang='lat' dir='ltr'>tamen</span> <span class='ocrx_word' id='word_1_184' title='bbox 1359 1545 1569 1572; x_wconf 79' lang='lat' dir='ltr'>convexum</span> <span class='ocrx_word' id='word_1_185' title='bbox 1621 1533 1669 1570; x_wconf 88' lang='lat' dir='ltr'>est</span> <span class='ocrx_word' id='word_1_186' title='bbox 1694 1561 1705 1576; x_wconf 95' lang='lat'>,</span> 
     </span>
     <span class='ocr_line' id='line_1_25' title="bbox 122 1591 1707 1644; baseline 0 -14"><span class='ocrx_word' id='word_1_187' title='bbox 122 1595 316 1642; x_wconf 84' lang='lat' dir='ltr'>minusque</span> <span class='ocrx_word' id='word_1_188' title='bbox 339 1591 508 1636; x_wconf 70' lang='lat' dir='ltr'>cialsum,</span> <span class='ocrx_word' id='word_1_189' title='bbox 545 1605 652 1642; x_wconf 68' lang='lat' dir='ltr'>quam</span> <span class='ocrx_word' id='word_1_190' title='bbox 683 1594 739 1630; x_wconf 88' lang='lat' dir='ltr'>vel</span> <span class='ocrx_word' id='word_1_191' title='bbox 769 1596 911 1636; x_wconf 85' lang='lat' dir='ltr'>avium.</span> <span class='ocrx_word' id='word_1_192' title='bbox 945 1593 1000 1630; x_wconf 86' lang='lat' dir='ltr'>vel</span> <span class='ocrx_word' id='word_1_193' title='bbox 1029 1594 1328 1643; x_wconf 78' lang='lat' dir='ltr'>quadrupedum,</span> <span class='ocrx_word' id='word_1_194' title='bbox 1364 1605 1434 1644; x_wconf 78' lang='lat' dir='ltr'>qua</span> <span class='ocrx_word' id='word_1_195' title='bbox 1461 1600 1568 1635; x_wconf 84' lang='lat' dir='ltr'>nota.</span> <span class='ocrx_word' id='word_1_196' title='bbox 1599 1592 1707 1630; x_wconf 87' lang='lat' dir='ltr'>&amp;tu-</span> 
     </span>
     <span class='ocr_line' id='line_1_26' title="bbox 122 1652 1541 1701; baseline -0.001 -10"><span class='ocrx_word' id='word_1_197' title='bbox 122 1653 300 1695; x_wconf 76' lang='lat' dir='ltr'>herculis,</span> <span class='ocrx_word' id='word_1_198' title='bbox 336 1664 415 1701; x_wconf 77' lang='lat' dir='ltr'>quae</span> <span class='ocrx_word' id='word_1_199' title='bbox 452 1652 594 1693; x_wconf 84' lang='lat' dir='ltr'>educit,</span> <span class='ocrx_word' id='word_1_200' title='bbox 628 1652 672 1688; x_wconf 82' lang='lat' dir='ltr'>ad</span> <span class='ocrx_word' id='word_1_201' title='bbox 703 1652 915 1690; x_wconf 63' lang='lat' dir='ltr'>insectorum</span> <span class='ocrx_word' id='word_1_202' title='bbox 947 1659 1109 1690; x_wconf 87' lang='lat' dir='ltr'>naturam</span> <span class='ocrx_word' id='word_1_203' title='bbox 1140 1652 1286 1690; x_wconf 79' lang='lat' dir='ltr'>accedit.</span> <span class='ocrx_word' id='word_1_204' title='bbox 1540 1678 1541 1681; x_wconf 52' lang='lat'><em>=</em></span> 
     </span>
    </p>

    <p class='ocr_par' dir='ltr' id='par_1_9' title="bbox 103 1706 1707 1997">
     <span class='ocr_line' id='line_1_27' title="bbox 181 1706 1707 1758; baseline -0.001 -10"><span class='ocrx_word' id='word_1_205' title='bbox 181 1711 223 1748; x_wconf 91' lang='lat' dir='ltr'>In</span> <span class='ocrx_word' id='word_1_206' title='bbox 254 1709 456 1748; x_wconf 68' lang='lat' dir='ltr'>universum</span> <span class='ocrx_word' id='word_1_207' title='bbox 484 1709 602 1758; x_wconf 90' lang='lat' dir='ltr'>potest</span> <span class='ocrx_word' id='word_1_208' title='bbox 631 1721 698 1758; x_wconf 90' lang='lat' dir='ltr'>pro</span> <span class='ocrx_word' id='word_1_209' title='bbox 728 1710 868 1748; x_wconf 84' lang='lat' dir='ltr'>duabus</span> <span class='ocrx_word' id='word_1_210' title='bbox 899 1710 1080 1748; x_wconf 87' lang='lat' dir='ltr'>columnis</span> <span class='ocrx_word' id='word_1_211' title='bbox 1113 1711 1257 1753; x_wconf 60' lang='lat' dir='ltr'>haberi,</span> <span class='ocrx_word' id='word_1_212' title='bbox 1305 1709 1454 1752; x_wconf 82' lang='lat' dir='ltr'>dextra,</span> <span class='ocrx_word' id='word_1_213' title='bbox 1497 1709 1533 1746; x_wconf 87' lang='lat'>&amp;</span> <span class='ocrx_word' id='word_1_214' title='bbox 1557 1706 1707 1753; x_wconf 60' lang='lat' dir='ltr'>sinistri,</span> 
     </span>
     <span class='ocr_line' id='line_1_28' title="bbox 121 1766 1706 1818; baseline -0.001 -11"><span class='ocrx_word' id='word_1_215' title='bbox 121 1769 294 1807; x_wconf 80' lang='lat' dir='ltr'>fimilibus</span> <span class='ocrx_word' id='word_1_216' title='bbox 327 1770 364 1806; x_wconf 89' lang='lat'>&amp;</span> <span class='ocrx_word' id='word_1_217' title='bbox 390 1768 604 1818; x_wconf 64' lang='lat' dir='ltr'>aequalibus,</span> <span class='ocrx_word' id='word_1_218' title='bbox 642 1779 721 1817; x_wconf 82' lang='lat' dir='ltr'>quae</span> <span class='ocrx_word' id='word_1_219' title='bbox 749 1769 785 1806; x_wconf 75' lang='grc' dir='ltr'>δι</span> <span class='ocrx_word' id='word_1_220' title='bbox 819 1767 994 1818; x_wconf 88' lang='lat' dir='ltr'>superne,</span> <span class='ocrx_word' id='word_1_221' title='bbox 1046 1769 1083 1806; x_wconf 86' lang='lat'>&amp;</span> <span class='ocrx_word' id='word_1_222' title='bbox 1126 1769 1264 1806; x_wconf 83' lang='lat' dir='ltr'>inferne</span> <span class='ocrx_word' id='word_1_223' title='bbox 1298 1776 1470 1818; x_wconf 83' lang='lat' dir='ltr'>perpetua</span> <span class='ocrx_word' id='word_1_224' title='bbox 1509 1766 1624 1807; x_wconf 84' lang='lat' dir='ltr'>fiffura</span> <span class='ocrx_word' id='word_1_225' title='bbox 1652 1768 1706 1805; x_wconf 89' lang='lat' dir='ltr'>di-</span> 
     </span>
     <span class='ocr_line' id='line_1_29' title="bbox 103 1825 1704 1877; baseline -0.002 -10"><span class='ocrx_word' id='word_1_226' title='bbox 103 1826 374 1877; x_wconf 79' lang='lat' dir='ltr'>‘stinguuntur,</span> <span class='ocrx_word' id='word_1_227' title='bbox 398 1839 474 1865; x_wconf 90' lang='lat' dir='ltr'>non</span> <span class='ocrx_word' id='word_1_228' title='bbox 495 1827 586 1865; x_wconf 88' lang='lat' dir='ltr'>adeo</span> <span class='ocrx_word' id='word_1_229' title='bbox 614 1827 793 1876; x_wconf 88' lang='lat' dir='ltr'>profunda</span> <span class='ocrx_word' id='word_1_230' title='bbox 811 1855 822 1870; x_wconf 91' lang='lat'>‚</span> <span class='ocrx_word' id='word_1_231' title='bbox 853 1828 941 1876; x_wconf 88' lang='lat' dir='ltr'>quin</span> <span class='ocrx_word' id='word_1_232' title='bbox 971 1835 1121 1876; x_wconf 86' lang='lat' dir='ltr'>utraque</span> <span class='ocrx_word' id='word_1_233' title='bbox 1151 1826 1321 1865; x_wconf 89' lang='lat' dir='ltr'>columna</span> <span class='ocrx_word' id='word_1_234' title='bbox 1354 1829 1392 1865; x_wconf 90' lang='lat' dir='ltr'>in</span> <span class='ocrx_word' id='word_1_235' title='bbox 1426 1838 1536 1866; x_wconf 86' lang='lat' dir='ltr'>unam</span> <span class='ocrx_word' id='word_1_236' title='bbox 1562 1825 1704 1864; x_wconf 80' lang='lat' dir='ltr'>massam</span> 
     </span>
     <span class='ocr_line' id='line_1_30' title="bbox 122 1885 1701 1930; baseline -0.001 -4"><span class='ocrx_word' id='word_1_237' title='bbox 122 1888 363 1926; x_wconf 84' lang='lat' dir='ltr'>connascatur.</span> <span class='ocrx_word' id='word_1_238' title='bbox 415 1885 542 1924; x_wconf 85' lang='lat' dir='ltr'>Earum</span> <span class='ocrx_word' id='word_1_239' title='bbox 568 1887 821 1925; x_wconf 85' lang='lat' dir='ltr'>columnarum</span> <span class='ocrx_word' id='word_1_240' title='bbox 856 1885 935 1926; x_wconf 88' lang='lat' dir='ltr'>finis</span> <span class='ocrx_word' id='word_1_241' title='bbox 959 1888 1116 1924; x_wconf 89' lang='lat' dir='ltr'>anterior</span> <span class='ocrx_word' id='word_1_242' title='bbox 1144 1887 1192 1924; x_wconf 88' lang='lat' dir='ltr'>est</span> <span class='ocrx_word' id='word_1_243' title='bbox 1218 1888 1256 1925; x_wconf 88' lang='lat' dir='ltr'>in</span> <span class='ocrx_word' id='word_1_244' title='bbox 1271 1898 1422 1925; x_wconf 85' lang='lat' dir='ltr'>nervum</span> <span class='ocrx_word' id='word_1_245' title='bbox 1452 1885 1701 1930; x_wconf 65' lang='lat' dir='ltr'>olfastorium‚</span> 
     </span>
     <span class='ocr_line' id='line_1_31' title="bbox 121 1945 791 1997; baseline -0.003 -12"><span class='ocrx_word' id='word_1_246' title='bbox 121 1947 298 1997; x_wconf 85' lang='lat' dir='ltr'>posterior</span> <span class='ocrx_word' id='word_1_247' title='bbox 328 1947 364 1983; x_wconf 90' lang='lat' dir='ltr'>in</span> <span class='ocrx_word' id='word_1_248' title='bbox 394 1946 565 1995; x_wconf 72' lang='lat' dir='ltr'>lpinalem</span> <span class='ocrx_word' id='word_1_249' title='bbox 585 1945 791 1984; x_wconf 87' lang='lat' dir='ltr'>medullam.</span> 
     </span>
    </p>

    <p class='ocr_par' dir='ltr' id='par_1_10' title="bbox 122 2002 1702 2173">
     <span class='ocr_line' id='line_1_32' title="bbox 181 2002 1702 2053; baseline -0.001 -10"><span class='ocrx_word' id='word_1_250' title='bbox 181 2006 250 2043; x_wconf 88' lang='lat' dir='ltr'>Sed</span> <span class='ocrx_word' id='word_1_251' title='bbox 278 2017 334 2042; x_wconf 87' lang='lat' dir='ltr'>eas</span> <span class='ocrx_word' id='word_1_252' title='bbox 364 2005 551 2042; x_wconf 83' lang='lat' dir='ltr'>columnas</span> <span class='ocrx_word' id='word_1_253' title='bbox 580 2002 758 2042; x_wconf 76' lang='lat' dir='ltr'>tubercula</span> <span class='ocrx_word' id='word_1_254' title='bbox 776 2003 937 2053; x_wconf 87' lang='lat' dir='ltr'>undique</span> <span class='ocrx_word' id='word_1_255' title='bbox 963 2010 1116 2053; x_wconf 85' lang='lat' dir='ltr'>tegunt,</span> <span class='ocrx_word' id='word_1_256' title='bbox 1140 2013 1180 2044; x_wconf 80' lang='lat' dir='ltr'>ut</span> <span class='ocrx_word' id='word_1_257' title='bbox 1202 2004 1382 2043; x_wconf 65' lang='lat' dir='ltr'>columnae</span> <span class='ocrx_word' id='word_1_258' title='bbox 1402 2014 1579 2052; x_wconf 80' lang='lat' dir='ltr'>nusquam</span> <span class='ocrx_word' id='word_1_259' title='bbox 1596 2002 1702 2042; x_wconf 81' lang='lat' dir='ltr'>nudae</span> 
     </span>
     <span class='ocr_line' id='line_1_33' title="bbox 122 2062 1702 2114; baseline -0.001 -12"><span class='ocrx_word' id='word_1_260' title='bbox 122 2071 313 2114; x_wconf 79' lang='lat' dir='ltr'>appareant</span> <span class='ocrx_word' id='word_1_261' title='bbox 357 2062 493 2102; x_wconf 87' lang='lat' dir='ltr'>Eorum</span> <span class='ocrx_word' id='word_1_262' title='bbox 524 2063 798 2103; x_wconf 87' lang='lat' dir='ltr'>tuberculorum</span> <span class='ocrx_word' id='word_1_263' title='bbox 828 2065 974 2111; x_wconf 74' lang='lat' dir='ltr'>quinque</span> <span class='ocrx_word' id='word_1_264' title='bbox 1003 2064 1040 2100; x_wconf 87' lang='lat' dir='ltr'>in</span> <span class='ocrx_word' id='word_1_265' title='bbox 1073 2066 1244 2102; x_wconf 86' lang='lat' dir='ltr'>omnibus</span> <span class='ocrx_word' id='word_1_266' title='bbox 1276 2065 1431 2114; x_wconf 88' lang='lat' dir='ltr'>piscibus</span> <span class='ocrx_word' id='word_1_267' title='bbox 1460 2065 1637 2101; x_wconf 86' lang='lat' dir='ltr'>continuo</span> <span class='ocrx_word' id='word_1_268' title='bbox 1668 2063 1702 2100; x_wconf 85' lang='lat' dir='ltr'>se</span> 
     </span>
     <span class='ocr_line' id='line_1_34' title="bbox 122 2122 1384 2173; baseline 0 -12"><span class='ocrx_word' id='word_1_269' title='bbox 122 2123 235 2161; x_wconf 79' lang='lat' dir='ltr'>oculis</span> <span class='ocrx_word' id='word_1_270' title='bbox 263 2122 445 2168; x_wconf 80' lang='lat' dir='ltr'>offerunt3</span> <span class='ocrx_word' id='word_1_271' title='bbox 477 2123 515 2160; x_wconf 86' lang='lat' dir='ltr'>in</span> <span class='ocrx_word' id='word_1_272' title='bbox 540 2122 614 2161; x_wconf 86' lang='lat' dir='ltr'>aliis</span> <span class='ocrx_word' id='word_1_273' title='bbox 643 2124 749 2161; x_wconf 86' lang='lat' dir='ltr'>etiam</span> <span class='ocrx_word' id='word_1_274' title='bbox 771 2123 892 2173; x_wconf 78' lang='lat' dir='ltr'>plura:</span> <span class='ocrx_word' id='word_1_275' title='bbox 928 2134 967 2159; x_wconf 87' lang='lat' dir='ltr'>ea</span> <span class='ocrx_word' id='word_1_276' title='bbox 1000 2131 1146 2171; x_wconf 85' lang='lat' dir='ltr'>oportet</span> <span class='ocrx_word' id='word_1_277' title='bbox 1179 2124 1384 2162; x_wconf 86' lang='lat' dir='ltr'>describere.</span> 
     </span>
    </p>

    <p class='ocr_par' dir='ltr' id='par_1_11' title="bbox 181 2180 1701 2232">
     <span class='ocr_line' id='line_1_35' title="bbox 181 2180 1701 2232; baseline -0.001 -13"><span class='ocrx_word' id='word_1_278' title='bbox 181 2181 299 2219; x_wconf 86' lang='lat' dir='ltr'>Prima</span> <span class='ocrx_word' id='word_1_279' title='bbox 322 2181 508 2220; x_wconf 89' lang='lat' dir='ltr'>tubercula</span> <span class='ocrx_word' id='word_1_280' title='bbox 537 2181 618 2220; x_wconf 88' lang='lat' dir='ltr'>sunt</span> <span class='ocrx_word' id='word_1_281' title='bbox 655 2180 836 2230; x_wconf 66' lang='lat' dir='ltr'>olfabi‘oria</span> <span class='ocrx_word' id='word_1_282' title='bbox 857 2181 1067 2230; x_wconf 64' lang='lat' dir='ltr'>Jicperiora,</span> <span class='ocrx_word' id='word_1_283' title='bbox 1103 2194 1121 2218; x_wconf 85' lang='lat' dir='ltr'>a</span> <span class='ocrx_word' id='word_1_284' title='bbox 1139 2194 1176 2219; x_wconf 85' lang='lat' dir='ltr'>re</span> <span class='ocrx_word' id='word_1_285' title='bbox 1200 2182 1269 2232; x_wconf 80' lang='lat' dir='ltr'>ipsa</span> <span class='ocrx_word' id='word_1_286' title='bbox 1299 2182 1415 2225; x_wconf 60' lang='lat' dir='ltr'>dieta,</span> <span class='ocrx_word' id='word_1_287' title='bbox 1456 2183 1621 2220; x_wconf 85' lang='lat' dir='ltr'>corticeae</span> <span class='ocrx_word' id='word_1_288' title='bbox 1642 2192 1701 2218; x_wconf 86' lang='lat' dir='ltr'>na-</span> 
     </span>
    </p>
   </div>
   <div class='ocr_carea' id='block_1_6' title="bbox 121 2239 1702 2340">
    <p class='ocr_par' dir='ltr' id='par_1_12' title="bbox 121 2239 1702 2340">
     <span class='ocr_line' id='line_1_36' title="bbox 121 2239 1701 2293; baseline -0.001 -15"><span class='ocrx_word' id='word_1_289' title='bbox 121 2246 235 2284; x_wconf 68' lang='lat' dir='ltr'>turae,</span> <span class='ocrx_word' id='word_1_290' title='bbox 262 2246 396 2286; x_wconf 81' lang='lat' dir='ltr'>ovata,</span> <span class='ocrx_word' id='word_1_291' title='bbox 425 2239 484 2279; x_wconf 89' lang='lat' dir='ltr'>vel</span> <span class='ocrx_word' id='word_1_292' title='bbox 513 2251 560 2279; x_wconf 87' lang='lat' dir='ltr'>ex</span> <span class='ocrx_word' id='word_1_293' title='bbox 597 2244 711 2281; x_wconf 80' lang='lat' dir='ltr'>ovatis</span> <span class='ocrx_word' id='word_1_294' title='bbox 739 2242 892 2284; x_wconf 84' lang='lat' dir='ltr'>conica,</span> <span class='ocrx_word' id='word_1_295' title='bbox 929 2251 1011 2289; x_wconf 82' lang='lat' dir='ltr'>quae</span> <span class='ocrx_word' id='word_1_296' title='bbox 1039 2241 1199 2279; x_wconf 84' lang='lat' dir='ltr'>radicem</span> <span class='ocrx_word' id='word_1_297' title='bbox 1228 2242 1449 2293; x_wconf 87' lang='lat' dir='ltr'>superiorem</span> <span class='ocrx_word' id='word_1_298' title='bbox 1484 2240 1701 2283; x_wconf 84' lang='lat' dir='ltr'>exteriorem</span> 
     </span>
     <span class='ocr_line' id='line_1_37' title="bbox 913 2297 1702 2340; baseline 0 -3"><span class='ocrx_word' id='word_1_299' title='bbox 913 2298 940 2337; x_wconf 88' lang='lat' dir='ltr'>F</span> <span class='ocrx_word' id='word_1_300' title='bbox 959 2298 977 2336; x_wconf 84' lang='lat' dir='ltr'>f</span> <span class='ocrx_word' id='word_1_301' title='bbox 988 2298 1006 2337; x_wconf 87' lang='lat' dir='ltr'>f</span> <span class='ocrx_word' id='word_1_302' title='bbox 1017 2297 1036 2335; x_wconf 88' lang='lat' dir='ltr'><strong>f</strong></span> <span class='ocrx_word' id='word_1_303' title='bbox 1093 2311 1116 2340; x_wconf 81' lang='lat'>2</span> <span class='ocrx_word' id='word_1_304' title='bbox 1600 2301 1702 2337; x_wconf 83' lang='lat' dir='ltr'>nervi</span> 
     </span>
    </p>
   </div>
  </div>
 </body>
</html>
