1895 2650
554 115 1286 160 SECT.III.CAUSAE.
1603 135 1677 172 535

99 228 156 260 tus
187 231 263 258 non
293 222 497 267 erumpunt.
560 214 676 253 Iidem
708 220 828 251 tamen
852 210 998 252 stimulo
1025 214 1176 254 admoto
1224 216 1377 257 veneni,
1424 216 1577 255 radentis
1605 218 1686 256 cha-

100 282 212 329 lybis,
248 278 398 317 elestriei
425 277 616 318 torrentis,
647 274 853 311 acrimoniae
885 275 1134 324 cujuscunque
1168 276 1316 325 perinde
1353 277 1389 312 in
1424 278 1686 316 contractiones

101 339 362 376 involant-arias
399 337 566 382 cientur(
582 333 603 370 h
619 341 644 380 ).

160 398 229 434 Pro
250 395 396 434 stimulo
425 404 546 432 autem
577 392 745 430 videntur
775 392 810 428 in
846 390 1137 440 voluntatis(c)
1173 394 1326 442 imperio
1345 422 1353 436 ‚
1388 393 1581 442 spirituum
1604 407 1686 432 ner-

99 457 271 495 vosorum
302 465 557 503 quamcunque
588 449 780 489 efficaciam
811 463 829 488 a
859 458 983 489 natura
1009 451 1180 489 adhiberi.
1247 452 1348 491 Dum
1377 453 1538 492 stimulus
1569 454 1686 504 super-

102 516 180 558 est,
213 514 506 556 contrahuntur,
543 523 587 549 eo
619 510 792 548 subducto
824 510 1019 558 quiescunt.

160 573 259 611 Nihil
293 572 384 610 adeo
425 574 459 608 in
513 570 714 608 discrimine
750 569 997 608 musculorum
1035 569 1363 609 involuntariorum
1402 584 1419 608 a
1451 559 1594 621 reTiquis
1634 584 1687 610 ar-

100 633 209 670 bitrio
243 633 372 670 mentis
411 630 572 678 subjeffls
603 628 795 670 musculis,
825 628 914 666 nodi
946 629 1016 672 est,
1052 629 1153 679 quod
1183 631 1300 667 anima
1329 631 1472 668 vindice
1493 639 1606 679 egeat.

547 743 578 785 ᾖ.
616 735 720 775 XII.
788 736 850 774 Vis
880 736 1031 786 nervosae
1050 735 1246 787 scntttrlgo.

161 849 318 888 Musculi
363 848 542 887 voluntati
588 847 743 884 obnoxii
788 846 898 883 iidem
943 847 1049 883 etIam
1092 859 1109 883 a
1155 849 1272 885 nervis
1319 848 1391 885 vim
1439 848 1533 886 suam
1572 847 1687 886 effica-

101 921 180 947 cem
222 910 411 957 aecipiunt.
498 907 550 945 Ita
587 907 728 943 interim
761 906 849 942 mihi
877 904 1005 949 sumo,
1041 918 1117 943 non
1145 907 1400 955 neglecffuruS,
1439 920 1518 957 quae
1559 916 1686 946 contra

102 968 227 1017 scripta
252 968 340 1006 sunt.

161 1027 253 1064 Sunt
283 1034 404 1064 autem
433 1026 456 1062 ii
482 1023 662 1069 musculi,
697 1031 838 1060 artuum
871 1023 1018 1072 quidem
1058 1036 1212 1066 omnes,
1261 1025 1296 1061 δι
1330 1024 1458 1067 faciei,
1494 1025 1528 1061 δε
1562 1025 1690 1062 oculo-

102 1098 206 1128 rum,
245 1087 280 1123 &
305 1086 411 1127 colli,
449 1085 485 1121 Sc
516 1084 697 1124 faucium,
731 1083 766 1119 δι
803 1085 930 1130 organi
963 1083 1119 1126 vocalis,
1155 1085 1191 1121 &
1217 1087 1337 1121 trunci
1361 1085 1550 1133 corporis,
1590 1084 1690 1121 dem-

103 1147 146 1182 tis
173 1146 273 1193 penis
307 1145 342 1181 &
381 1142 556 1181 clitoridis
584 1140 674 1179 veris
707 1141 935 1178 ereftoribus.

162 1203 222 1241 De
256 1203 421 1241 musculis
447 1203 539 1239 auris
568 1202 715 1238 internae
753 1199 906 1238 dubitari
940 1200 1073 1250 poffit‚
1103 1202 1203 1251 quod
1235 1203 1355 1251 parvi,
1407 1215 1426 1240 a
1456 1200 1610 1240 sensibus
1637 1214 1689 1239 re-

103 1265 224 1306 moti,
275 1262 416 1300 nullum
443 1272 552 1310 quern
583 1268 706 1308 tangas
731 1267 874 1297 motum
903 1261 1019 1298 edant.

166 1322 232 1360 His
262 1323 434 1360 omnibus
463 1321 563 1357 nervi
591 1319 642 1358 sui
668 1319 886 1362 adveniunt,
923 1321 1054 1370 quibus
1082 1321 1223 1359 irritatis
1257 1320 1533 1363 convelluntur,
1573 1320 1691 1369 ligatis

103 1387 167 1420 aut
202 1381 339 1418 refestis
377 1381 553 1418 voluntati
586 1378 752 1416 dessnunt
783 1379 956 1422 obedire,
988 1380 1024 1416 δι
1055 1380 1165 1417 solam
1197 1383 1270 1418 vim
1298 1380 1434 1417 insitam
1462 1382 1626 1417 retinent.

164 1439 230 1478 Per
245 1452 377 1477 nervos
397 1439 487 1476 adeo
509 1437 646 1476 causam
674 1439 748 1485 ejus
770 1446 891 1476 motus
920 1439 1090 1476 advenire
1126 1440 1350 1478 manifestum
1383 1439 1455 1480 est,
1496 1451 1604 1487 quem
1625 1451 1690 1477 vo-

104 1499 226 1538 luntas
241 1500 396 1540 excitat,
432 1499 468 1534 &
494 1509 556 1545 per
570 1509 698 1534 nervos
720 1496 824 1534 solos.
890 1497 999 1535 Nulla
1017 1499 1114 1535 enim
1143 1498 1207 1536 alia
1231 1511 1307 1547 pars
1324 1500 1487 1547 corporis
1520 1506 1580 1535 aut
1613 1499 1690 1535 irri-

108 1566 181 1596 tata
211 1559 247 1595 in
279 1558 447 1595 musculis
476 1557 549 1594 istis
579 1565 722 1594 motum
756 1558 910 1599 excitat,
945 1564 1005 1594 aut
1038 1557 1143 1603 ligata
1177 1560 1212 1594 Sc
1235 1557 1359 1594 resena
1396 1556 1588 1593 voluntatis
1623 1558 1691 1593 im-

104 1618 245 1667 perium
274 1617 380 1653 tollit.
444 1615 514 1652 Sed
545 1627 614 1664 qua
646 1616 784 1652 ratione
820 1618 920 1652 nervi
953 1615 1157 1653 musculum
1196 1624 1396 1657 moveant,
1438 1615 1500 1663 ipsi
1521 1617 1689 1659 immoti,

105 1687 262 1724 quaerere
291 1676 417 1716 liceat,
466 1673 527 1711 etfi
555 1676 615 1710 vix
644 1674 746 1710 datur
770 1675 941 1710 invenire.
1020 1673 1179 1722 Oportet
1220 1683 1339 1712 autem
1380 1675 1536 1723 primurn
1573 1676 1691 1711 osten-

106 1734 215 1777 dere,
250 1736 302 1772 uti
329 1731 530 1770 musculum
564 1743 694 1769 nervus
720 1733 757 1768 in
785 1731 1070 1769 contraetionem
1112 1734 1224 1771 cieat:
1275 1732 1406 1771 deinde
1447 1734 1498 1770 uti
1534 1733 1691 1778 relaxet3

106 1805 189 1832 nam
225 1801 421 1842 utrumque
450 1791 643 1829 voluntatis
677 1802 769 1840 opus
796 1789 854 1827 est.

448 1903 482 1944 §-
516 1898 613 1937 XII
630 1898 655 1936 I.
720 1898 944 1949 Ihpothefl's.
1011 1899 1136 1938 Nervi
1168 1901 1346 1939 rmum-es.

168 2010 221 2049 Ita
253 2010 319 2048 GA
338 2020 518 2051 LENUS,
554 2020 662 2057 quem
700 2007 788 2046 dum
818 2007 1011 2051 audimus,
1057 2009 1332 2059 quatuordecim
1368 2009 1570 2048 seculorum
1587 2021 1690 2048 com-

109 2083 260 2109 munem
288 2069 495 2107 sententiam
524 2066 701 2105 discimus.
781 2066 902 2116 Origo
932 2076 1053 2106 motus
1087 2069 1330 2115 musculorum
1369 2070 1417 2107 est
1448 2071 1484 2106 in
1510 2071 1692 2119 principio

109 2140 326 2173 nervorum,
362 2127 462 2178 quod
504 2127 552 2164 est
584 2128 620 2164 in
663 2127 837 2170 cerebro,
884 2129 1032 2178 eiusque
1069 2128 1396 2176 ventriculisoi),
1443 2137 1550 2180 atque
1579 2141 1597 2165 a
1627 2140 1692 2164 vo-

1553 2187 1692 2226 luntate

150 2313 223 2389 {1013
244 2319 381 2384 &offingen
400 2353 458 2392 agit
478 2359 510 2384 ut
536 2353 663 2385 stimulus
688 2353 820 2386 Simsou
834 2366 871 2387 on
885 2352 1004 2395 muftui.
1022 2361 1088 2387 mot.
1117 2365 1143 2395 p·
1158 2355 1219 2395 93.ι

153 2401 170 2431 (
184 2397 229 2434 d)
256 2398 300 2425 De
321 2402 389 2426 mot.
415 2393 529 2434 mufiul.
573 2394 605 2427 L.
627 2395 648 2427 I.
677 2406 700 2427 c.
722 2406 769 2435 13.
