1905 2640
241 93 319 130 360
472 76 632 128 ‘LJR
670 89 715 128 X.
782 87 909 130 CER
933 87 1169 128 EBRUM
1211 87 1290 128 ET
1327 85 1549 133 NERVI.

238 182 273 219 se
299 187 428 220 mutuo
456 183 627 226 oscillant,
657 185 693 221 ὃς
724 184 1061 233 impreffionem'ad
1077 187 1234 223 animam
1266 197 1377 235 porro
1409 189 1579 230 mittunt,
1617 197 1723 238 quam
1752 185 1825 238 pas-

235 242 268 279 sa
301 242 379 280 sunt
411 242 510 291 (u).
577 243 737 281 Celerius
777 256 887 293 porro
919 243 1011 282 affici
1055 244 1091 281 δε
1127 239 1281 282 vividius
1305 245 1518 290 hominem,
1561 258 1637 295 quo
1672 249 1821 296 propio-

235 313 291 338 res
316 301 379 337 fibi
403 314 450 339 eae
489 301 700 339 maehinulae
742 301 874 341 fuerint
895 331 905 346 ,
935 304 971 340 ἃ
997 309 1122 340 contra
1150 303 1330 352 segniores
1350 333 1359 347 ,
1411 307 1464 342 uti
1493 306 1704 343 remotiores
1722 308 1815 353 (x).

235 359 418 397 Dolorem
449 372 536 398 vero
571 360 770 401 tensionem
798 360 882 406 esse,
918 362 954 399 Sc
985 362 1029 399 ab
1056 374 1095 399 ea
1125 363 1164 399 in
1194 362 1407 401 machinulis
1433 363 1662 413 papillaribus
1698 370 1817 402 natam

237 420 522 457 contractionem
544 420 632 467 (y).

294 477 439 518 Deinde
462 478 514 517 Cl.
551 479 853 524 anmnu's,
886 482 982 520 &ab
1014 493 1058 519 eo
1075 480 1200 532 Dimisi
1227 480 1494 526 Ham-Lm,
1540 482 1634 519 inter
1667 481 1815 520 solidam

235 549 433 576 nervorum
463 538 657 577 medullam
687 538 929 589 aetheremque
962 539 1126 578 officium
1153 540 1287 583 divisit,
1335 548 1375 579 ut
1406 553 1424 578 a
1462 542 1675 590 corporibus
1706 540 1821 578 sensus

235 596 446 635 facientibus
480 598 517 634 in
550 598 678 636 aethere
705 600 921 637 vibrationes
951 602 1191 637 excitarentur
1218 611 1281 648 per
1313 606 1473 637 mutuam
1507 600 1681 637 astionem
1716 599 1823 637 aethe-

236 654 284 693 r'is
324 657 360 693 δε
394 669 615 700 nervorum,
667 665 773 706 atque
813 659 848 694 &
878 657 986 696 aether
1027 659 1062 695 δι
1096 659 1197 696 nervi
1244 659 1288 694 ab
1322 656 1537 706 impulsione
1566 657 1821 700 afficerentur,

237 727 347 764 quam
378 715 492 753 sensus
525 716 704 764 objenum
739 718 817 753 ciet.
913 716 966 755 Ita
1008 716 1082 754 fieri
1109 716 1145 753 in
1188 716 1317 755 aethere
1355 716 1598 753 densationem
1640 717 1820 765 aliquam.

239 775 386 823 ejusque
411 775 597 823 particulas
629 776 788 818 vibrare,
823 782 862 813 ut
892 786 950 812 aet
987 776 1022 812 in
1051 775 1174 812 validis
1200 775 1294 812 sonis
1324 774 1437 813 solet:
1469 775 1513 812 ab
1534 787 1573 813 ea
1597 787 1684 813 vero
1711 775 1827 813 vibra-

237 834 340 871 tione
380 834 568 882 particulas
618 834 830 872 medullares
865 835 1031 872 minimas
1068 836 1106 871 in
1151 834 1374 883 synchronos
1427 840 1547 871 motus
1591 833 1826 872 oscillatorios

239 894 427 934 emoveri,
458 894 511 930 uti
533 893 620 931 dura
652 894 695 931 ab
727 905 805 930 aere
837 893 971 931 sonoro
996 905 1150 942 corpora
1181 894 1320 930 vibrare
1352 899 1537 941 coguntur
1573 892 1663 940 (z).

232 956 233 961 ’
300 949 404 988 Posse
429 963 515 988 vero
542 952 642 994 fieri,
694 961 733 990 ut
761 953 866 989 etiam
897 951 1104 989 immediate
1146 952 1330 1002 particulae
1358 952 1519 988 minimae
1552 963 1750 990 nervorum
1781 950 1825 989 ab

240 1009 385 1057 objesto
419 1009 568 1047 sensibili
604 1010 866 1059 percellantur,
915 1021 1071 1059 eumque
1093 1019 1237 1048 motum
1280 1010 1323 1047 ab
1366 1010 1496 1047 aethere
1537 1008 1744 1053 sustentari,
1777 1016 1829 1047 at-

239 1079 312 1117 que
331 1069 545 1106 vibrationes
571 1069 609 1106 in
636 1070 835 1107 cerebrum
857 1070 1051 1118 propagari
1079 1068 1182 1117 (a):
1217 1068 1311 1106 Nam
1338 1068 1528 1109 aetherem,
1562 1070 1625 1117 qui
1637 1068 1738 1106 facile
1757 1073 1828 1105 tre-

239 1134 314 1164 mat
336 1128 372 1164 &
403 1127 561 1166 elasticus
583 1127 642 1170 fit,
683 1128 718 1164 &
745 1127 987 1176 conpressius,
1034 1129 1072 1164 in
1102 1128 1200 1176 poris
1225 1125 1439 1169 rarissimus,
1475 1125 1617 1164 densior
1641 1127 1680 1164 in
1707 1126 1828 1176 super-¹

241 1184 320 1223 ficie
342 1185 457 1233 (h),
493 1186 695 1236 percussum
724 1199 838 1236 porro
865 1188 903 1224 in
934 1181 1247 1224 medullanervea
1271 1186 1489 1223 vibrationes
1513 1186 1648 1223 iterare.

299 1244 370 1282 Alii
398 1244 451 1283 Cl.
489 1247 556 1283 viri
592 1246 854 1284 oscillationem
897 1247 1101 1284 tunicarum
1132 1256 1217 1282 cum
1266 1244 1407 1294 liquore
1456 1255 1590 1282 nerveo
1627 1245 1832 1293 conjunxe:

240 1310 354 1346 runt,
392 1312 433 1341 ut
462 1303 596 1343 horum
630 1305 818 1353 spirituum
854 1311 976 1342 motus
1009 1304 1053 1341 ab
1081 1315 1119 1340 ea
1146 1302 1298 1340 vibratili
1328 1304 1363 1340 vi
1390 1302 1619 1350 adjuveretur
1641 1304 1723 1351 (c).
1758 1302 1830 1342 Sed

241 1374 360 1411 neque
385 1361 438 1400 Cl.
471 1361 665 1401 Rosius
681 1376 704 1400 o
720 1375 742 1399 N
778 1363 945 1401 aetherem
970 1362 1163 1401 animalem
1180 1363 1302 1410 rejecit
1319 1359 1410 1411 (d).

299 1421 445 1459 Deinde
480 1434 616 1472 nuper,
654 1434 785 1460 nervos
821 1422 982 1472 spitales,
1029 1428 1249 1464 contortos,
1296 1421 1333 1458 &
1362 1432 1406 1458 eo
1441 1419 1556 1458 tensos
1585 1421 1719 1471 magis,
1756 1432 1831 1459 ma-

247 1481 375 1531 gisque
404 1480 566 1524 sensiles,
610 1494 685 1532 quo
718 1481 851 1532 spiralis
886 1481 982 1520 linea
1017 1481 1146 1520 aretior
1189 1480 1261 1522 est,
1308 1486 1415 1529 atque
1444 1479 1613 1523 viciffim,
1651 1477 1739 1518 alius
1771 1479 1826 1518 Cl.

243 1541 298 1576 vir
323 1550 368 1576 ex
398 1540 601 1586 conjeetura
627 1540 759 1587 scripfit
779 1540 878 1589 (e);
910 1540 1072 1589 aliusque
1090 1567 1099 1581 ‚
1152 1550 1282 1577 nervos
1321 1537 1451 1575 habere
1482 1549 1609 1585 rugas,
1652 1549 1730 1587 quae
1750 1536 1832 1586 pos-

246 1594 314 1634 fint
341 1598 377 1634 &
399 1597 591 1646 ampliores
626 1599 750 1642 reddi,
785 1598 822 1644 ὃς
851 1597 999 1650 vicissim
1031 1598 1175 1640 minui,
1229 1597 1267 1634 &
1299 1608 1337 1635 ea
1361 1597 1402 1634 in
1431 1608 1470 1636 re
1499 1596 1676 1636 astionem
1700 1607 1831 1635 nervo-

243 1667 326 1709 rum
350 1655 538 1698 COnfistere
555 1658 573 1704 (
584 1654 649 1707 f).

1678 1767 1710 1811 5.
1743 1763 1829 1803 IV.

336 1925 350 1964 )
376 1926 479 1964 Spleen.
509 1934 537 1965 p.
564 1926 632 1957 102:

342 1969 357 2044 ζ
376 1976 403 2005 p.
421 1977 489 2003 104.

406 2030 413 2038 .
434 2018 466 2037 ιο
488 2028 497 2040 .

245 2088 259 2118 Z
341 2049 354 2083 )
376 2017 405 2086 l?-
425 2017 536 2080 21.322.
576 2046 672 2079 Medii
703 2046 816 2078 aetherei
842 2057 894 2087 pro
921 2046 1000 2080 sensu
1021 2045 1194 2082 vibrationes
1217 2045 1275 2085 jam
1296 2042 1383 2076 habet
1411 2042 1445 2075 G.
1465 2041 1614 2082 eamq
1643 2041 1829 2081 Englisbma·

257 2089 314 2126 ιλ]
342 2089 431 2126 p.83.
450 2094 497 2126 89.

287 2129 357 2163 (a)
421 2151 426 2158 .
483 2150 489 2158 .

287 2167 350 2205 (b)
392 2168 476 2206 Prop.
500 2176 527 2207 ς.
1692 2181 1693 2184 ¹

288 2210 359 2246 (c).
391 2210 533 2240 Gema
547 2210 620 2239 ebir.
653 2220 680 2247 p.
700 2217 766 2251 185.
800 2213 827 2242 ἃ
854 2212 912 2242 fere
932 2211 975 2243 Ill.
1002 2213 1154 2244 Lunwro
1180 2209 1326 2252 phyfiolog.
1351 2217 1380 2241 n.
1398 2216 1463 2248 310.
1487 2207 1514 2239 ἀ
1533 2204 1742 2239 CLCnvsuts
1766 2204 1826 2237 Na-

246 2251 368 2280 turlehre
393 2260 421 2289 p.
450 2260 477 2280 n.
493 2250 580 2287 1063.
603 2252 629 2280 δι
654 2250 816 2281 ΟΛυΒιυε
832 2254 937 2289 pathol.
965 2263 994 2292 p.
1009 2259 1089 2291 208„

287 2291 357 2327 (d)
391 2292 490 2329 Spleen.
519 2301 544 2329 p.
564 2297 631 2326 158.

287 2332 352 2368 (e)
379 2331 660 2362 VANDERMONDz
687 2331 740 2362 l.c.
766 2332 801 2362 T.
819 2332 838 2362 1.
852 2342 877 2370 p.
902 2342 966 2373 377.

288 2372 352 2411 (f)
386 2372 431 2404 De
452 2372 595 2405 Bonuu
617 2370 716 2413 senfizt
738 2374 771 2403 in
788 2383 890 2412 genere.
