1957 2630
232 149 579 190 SECT-IV.
643 148 1444 189 DURAMEMBRANA.v
1569 162 1641 188 101

69 249 106 286 &
139 246 391 284 intricatiffimi.
470 245 676 284 Anteriores
701 244 744 281 ad
789 256 829 282 os
862 242 1058 281 cribrosum
1084 244 1360 292 protenduntur.
1442 242 1572 281 Earum
1608 244 1649 281 fi-

70 308 211 344 brarum
235 307 345 343 tendo
376 306 424 342 est
455 307 492 341 in
522 304 669 346 medio,
695 311 733 341 ut
767 306 803 340 in
840 303 962 339 medio
1001 303 1278 351 interseptorum
1297 302 1374 351 (c).

127 365 310 402 interioris
336 364 436 401 faciei
462 362 646 408 ordo(d)
680 375 697 399 a
729 363 869 400 summo
895 361 991 397 falcis
1026 361 1131 398 dorso
1163 362 1206 398 ad
1238 372 1442 398 extremum
1474 362 1548 408 ejus
1568 361 1647 398 lim-

70 426 156 462 bum
185 423 394 472 parallelus,
438 423 482 459 ad
525 423 670 459 tentorii
698 422 872 470 posterius
898 420 985 457 latus
1016 420 1197 462 defertur,
1257 422 1366 468 inque
1395 421 1469 467 ejus
1497 421 1647 457 alterum

70 482 237 520 fibrosum
272 482 424 518 stratum
466 489 626 530 penetrat
656 483 762 526 (e),
838 480 1009 528 idemque
1058 479 1261 516 transversis
1304 479 1399 515 fibris
1450 480 1552 516 variis
1591 479 1647 515 fir-

69 550 186 579 matut
222 539 324 589 (s).

127 599 388 636 Tentoriorum
414 597 512 645 (five
539 597 747 646 intersepti)
777 597 932 647 -planum
952 596 1032 644 (g)
1060 597 1173 633 oritur
1204 607 1221 631 a
1251 597 1411 643 margine
1440 595 1643 639 foraminis,

71 658 173 708 quod
213 658 414 695 'medullam
449 657 685 705 oblongatam
719 658 951 696 transmittit,
1005 655 1166 702 nodique
1206 655 1240 690 in
1274 654 1407 702 singula
1442 653 1527 690 fibra
1566 655 1647 691 sunt

68 718 205 766 aliquot
230 717 462 764 gangliorum
498 715 625 752 slmiles
644 744 652 758 ‚
690 727 733 752 ex
761 715 935 753 lacertulis
969 715 1168 751 minoribus
1196 715 1342 750 intorti:
1391 713 1522 750 eaedem
1549 713 1645 750 fibrae

67 776 112 814 ad
143 775 387 824 hemisphaeria
407 787 519 824 usque
540 776 762 823 perveniunt.

132 834 297 872 Caudicis
345 834 487 871 chordae
515 834 598 882 (h)
643 834 818 874 robustae,
865 832 932 868 lata
974 831 1070 874 basi,
1115 844 1134 868 a
1162 833 1285 880 magni
1314 830 1499 868 foraminis
1533 831 1643 867 cranii

67 894 229 941 margine
265 893 453 941 posteriori
493 900 603 935 nette,
660 891 847 928 finduntur
881 893 917 926 in
952 890 1037 927 duas
1072 890 1309 938 expanfiones
1345 889 1642 930 semicirculares‚

67 965 146 1001 quae
172 953 364 989 maximam
395 953 635 988 tentoriorum
658 956 1022 999 partenimccupant‚
1055 950 1091 985 δε
1116 949 1159 986 ad
1181 949 1333 986 limbum
1361 948 1545 985 foraminis
1571 959 1646 985 me-

67 1011 174 1048 dullae
203 1011 409 1058 oblongatae
440 1009 505 1046 sese
533 1009 743 1046 extendunt.

127 1069 181 1106 Ita
216 1072 251 1105 in
285 1069 473 1117 posteriori
511 1080 620 1117 opere
651 1069 702 1104 vir
730 1066 782 1104 Cl.
817 1067 853 1103 in
873 1077 947 1114 quo
968 1064 1089 1114 paffiln
1104 1067 1222 1115 priora
1243 1065 1346 1102 effata
1372 1064 1539 1102 emendat
1562 1061 1638 1113 (i).

124 1126 238 1165 Etiam
270 1127 407 1165 Rioi
428 1139 544 1165 Erus
589 1139 644 1163 eas
678 1125 782 1163 fibras
817 1123 1120 1173 descripsitffl),
1151 1125 1299 1162 obscure
1321 1125 1356 1161 &
1388 1123 1479 1172 ipse,
1512 1125 1548 1160 in
1584 1123 1645 1160 he-

68 1186 276 1235 misphaeriis
304 1186 473 1235 quidem,
500 1185 524 1222 fi
561 1185 652 1222 redte
673 1184 789 1224 virum
812 1183 976 1231 intelligo
993 1211 1002 1225 ‚
1046 1195 1065 1220 a
1093 1182 1230 1221 summa
1270 1182 1359 1221 falce
1391 1183 1504 1220 tribus
1535 1183 1644 1231 origi-

72 1246 179 1282 nibus
213 1253 330 1287 natas‚
371 1246 406 1282 in
438 1256 540 1282 arcus
568 1244 686 1282 ducias
712 1242 927 1290 varios(l).
1291 1238 1298 1239 7

130 1302 170 1339 In
195 1303 283 1341 falce
306 1303 375 1352 ipsa
409 1304 490 1341 alias
515 1302 619 1340 fibras
659 1302 815 1340 dimidiae
843 1301 940 1339 falcis
977 1300 1210 1348 longitudine
1244 1301 1281 1337 in
1319 1300 1392 1347 ejus
1420 1307 1517 1348 parte
1546 1299 1645 1348 supe-

69 1363 156 1399 riori
189 1361 316 1410 politas
337 1361 426 1410 (m)
455 1363 498 1400 ab
526 1363 764 1399 anterioribus
797 1359 992 1399 retrorsum
1020 1359 1276 1401 decurrentes,
1322 1359 1404 1395 alias
1431 1358 1642 1396 transversas

68 1420 200 1463 habet,
238 1423 254 1467 (
272 1420 584 1469 perpendiculares
615 1420 775 1469 potius)
803 1433 822 1457 a
848 1419 925 1456 {inu
960 1419 1090 1467 quinto
1135 1418 1180 1455 ad
1225 1418 1370 1455 tertium
1401 1417 1643 1465 adsurgentes,

68 1479 105 1515 &
134 1481 170 1516 in
202 1486 300 1528 parte
326 1479 424 1515 falcis
458 1480 627 1516 anteriori
655 1478 926 1526 conspectiores.

130 1537 183 1574 Cl.
211 1539 264 1573 vir
296 1537 472 1573 Adrianus
500 1536 738 1573 SLEVOGT
759 1533 838 1584 (n)
864 1546 949 1572 cum
979 1535 1143 1571 urinariae
1171 1533 1290 1571 veficae
1320 1533 1415 1570 fibris
1442 1541 1638 1583 comparet,

65 1595 168 1645 quod
195 1596 279 1633 varii
309 1606 431 1633 earum
465 1593 589 1633 durrus
609 1592 685 1632 fint.
748 1592 874 1632 Restas
901 1599 1020 1630 tamen
1043 1593 1230 1642 plerasque
1266 1593 1302 1629 ἃ
1336 1592 1499 1642 obliquas
1524 1600 1638 1635 vocat,

943 1650 981 1687 N
1046 1662 1063 1695 3
1551 1653 1643 1689 circa

107 1807 165 1846 (c)
190 1818 217 1848 p.
235 1818 301 1848 143.
324 1808 379 1841 Sed
399 1807 462 1848 lege
483 1817 577 1849 porro.

106 1851 120 1885 (
134 1852 180 1886 d)
212 1853 254 1881 De
269 1852 333 1880 dur.
361 1853 482 1888 mening.
508 1851 564 1880 tab.
581 1859 602 1879 r.
620 1848 653 1879 C.
692 1848 749 1879 tab.
765 1858 792 1884 4.
806 1847 834 1879 b·

107 1890 169 1924 (e)
191 1900 220 1928 p.
244 1900 312 1928 145·
334 1892 398 1922 Hoc
417 1891 533 1921 stratum
559 1890 589 1919 in
612 1889 668 1919 tab.
685 1899 714 1925 4.
743 1889 910 1920 delineatur.

105 1929 164 1967 (f)
185 1940 212 1968 p·
236 1934 300 1966 146-

105 1971 165 2007 (g)
193 1981 221 2008 p.
239 1980 304 2009 153·
342 1971 375 2001 ln
401 1971 455 2001 tab.
475 1979 502 1999 2.
536 1970 620 2008 primi
641 1970 734 2007 operis
761 1979 775 1998 a
801 1968 894 1999 media
914 1975 993 2006 parte
1012 1968 1128 1998 tentorii
1152 1968 1179 1999 δι
1201 1977 1215 1998 a
1235 1967 1350 1997 tendine
1374 1966 1519 1997 communi
1543 1967 1638 1998 versus

64 2010 201 2048 originem
235 2020 269 2040 ex
294 2011 351 2041 offe
373 2011 503 2050 occipitis
522 2010 670 2048 palmatium
697 2009 838 2044 d=ffis¹atas
872 2009 973 2046 pingit.
1027 2009 1082 2039 Sed
1111 2018 1150 2039 eae
1176 2010 1273 2039 icones
1300 2008 1364 2038 sunt
1388 2017 1424 2038 ex
1449 2008 1638 2043 morbos-alfe-

63 2051 160 2085 mina,
191 2050 298 2082 fatente
325 2053 410 2082 etiam
433 2053 548 2082 aneton:
576 2052 609 2080 de
628 2052 702 2079 dum
726 2052 846 2088 mening.
879 2060 907 2087 p.
920 2060 947 2085 4.

105 2091 172 2126 (h)
195 2093 223 2121 ln
244 2093 328 2130 priori
356 2102 442 2130 opere
469 2091 648 2122 reticulatum
677 2098 791 2121 textum
809 2090 877 2120 facit
899 2090 927 2119 in
955 2095 1032 2123 parte
1056 2088 1143 2124 huius
1173 2089 1245 2128 septi
1275 2088 1428 2127 superiori,
1471 2089 1574 2120 deinde
1603 2089 1638 2120 ab

63 2132 124 2167 ejus
149 2133 269 2162 termino
297 2133 427 2166 evalem,
459 2133 604 2170 duplicem
625 2142 719 2162 arcum
736 2154 743 2166 ‚
788 2132 956 2161 tendentem
985 2130 1018 2159 ad
1052 2130 1116 2160 ollis
1155 2131 1286 2168 occipitis
1312 2131 1462 2167 foramen,
1496 2130 1639 2168 aliumque

63 2172 113 2209 qui
131 2173 256 2202 medium
275 2183 323 2210 per
342 2173 500 2212 processum
523 2173 653 2211 occipitis
682 2173 787 2203 rectior
811 2172 848 2204 ad
875 2171 952 2203 idem
971 2170 1101 2203 foramen
1123 2171 1268 2202 deseendit
1297 2171 1352 2202 tab.
1369 2181 1393 2210 3.

105 2213 159 2248 (i)
185 2219 294 2250 p-¹48-
319 2224 384 2251 ¹54·

103 2253 168 2290 (k)
191 2263 218 2291 Ρ·
239 2263 263 2290 3-
279 2264 306 2289 4-

104 2294 163 2330 (l)
194 2304 221 2332 r>-
246 2303 270 2332 3-

103 2334 185 2370 (m)
207 2345 235 2373 p.
256 2345 283 2371 4.

104 2374 172 2413 (n)
193 2378 236 2414 De
255 2378 332 2408 dura
355 2381 446 2406 maere
473 2384 501 2407 n.
521 2379 549 2408 ⁶.
