1895 2650
811 137 1005 191 [577]

119 515 908 581 ELEMENTORUM
1011 518 1703 587 PHYSIOLOGIAE

583 652 816 693 TOMJ
875 651 1238 705 QUARTI

722 760 981 802 LIBER
1051 763 1104 804 X.

284 867 1528 914 CEREBRUMETNERVJ.

329 975 349 1010 S
377 975 403 1010 E
430 976 458 1010 C
485 977 516 1012 T
541 977 555 1012 I
584 978 619 1013 O
669 977 695 1013 Ῑ.
981 979 1078 1009 Lobus
1097 979 1220 1008 anterior
1239 979 1417 1016 &posterior
1593 988 1655 1019 pag.
1676 989 1708 1016 ις

938 1025 964 1056 8.
997 1019 1148 1049 involucra
1172 1020 1281 1049 cerebri
1575 1029 1621 1058 ις.
1636 1021 1712 1058 seqq.

159 1060 396 1102 CERERRUM
430 1062 622 1103 PROPRIE
673 1064 706 1097 D
711 1063 873 1098 ICTUM,
977 1060 1150 1131 {impransi
1176 1058 1369 1091 arachnoidea
1643 1061 1714 1132 ibffli

1005 1104 1050 1137 jus
1076 1107 1132 1130 itus
1652 1103 1663 1132 i
1685 1102 1692 1131 i

132 1151 159 1178 1,
288 1140 312 1170 T
335 1140 360 1170 se
385 1140 489 1171 habeat
508 1143 536 1171 in
551 1143 662 1174 instetis
887 1152 900 1173 ι
982 1141 1144 1179 amplitudo
1678 1141 1717 1171 16

309 1182 411 1219 quibus
428 1182 539 1212 nullum
556 1184 586 1213 fit
829 1183 900 1214 ibid.
950 1198 954 1200 Ἴ
983 1181 1117 1212 cellulosa
1136 1180 1247 1212 indoles
1645 1182 1716 1214 ibid.

306 1223 335 1251 in
350 1223 452 1260 quibus
466 1223 613 1255 cerebrum
633 1224 791 1264 reperiatur
887 1234 904 1255 2
985 1230 1017 1254 ut
1029 1223 1194 1253 ostendatur
1681 1232 1717 1261 ¹7

173 1261 364 1294 semibifidum
788 1265 857 1296 ibid.
890 1275 903 1303 3
985 1274 1045 1295 non
1058 1264 1097 1294 est
1112 1263 1165 1302 piae
1185 1263 1281 1293 matris
1299 1262 1406 1294 lamina
1642 1264 1718 1297 ibid.

136 1313 162 1336 2.
187 1304 221 1334 ln
242 1303 363 1341 piscibus
891 1315 904 1343 3
985 1305 1125 1336 Inventor
1145 1305 1327 1334 szomus
1647 1305 1719 1337 ibid.

176 1354 211 1374 ex
229 1344 324 1374 multis
341 1344 373 1374 fit
390 1344 544 1377 tuberculis
788 1347 855 1378 ibid.
889 1357 908 1383 4
985 1347 1042 1384 Qui
1055 1345 1160 1376 deinde
1174 1346 1298 1376 viderint
1627 1355 1671 1383 17Ε
1684 1350 1720 1380 18

139 1394 163 1424 3.
191 1384 224 1414 ln
244 1385 474 1423 quadrupedibus
494 1388 519 1417 δι
535 1388 634 1420 avibus
843 1398 871 1424 4·
889 1398 901 1423 ς
946 1396 973 1424 9·
1014 1387 1058 1417 Pia
1072 1392 1162 1416 mater
1583 1392 1628 1422 18.
1643 1386 1719 1424 seqq.

177 1425 316 1462 Quinque
335 1427 469 1463 partitum
483 1427 521 1457 est
891 1438 904 1464 ς
987 1437 1072 1467 quam
1085 1426 1144 1457 late
1155 1432 1255 1465 regnet
1649 1427 1720 1458 ibid.

177 1466 301 1498 Piscibus
316 1467 422 1504 frigidis
451 1469 590 1506 exiguum
837 1469 906 1500 ibid.
988 1476 1021 1500 ut
1034 1469 1068 1498 ad
1084 1468 1186 1498 intima
1204 1467 1314 1498 cerebri
1328 1472 1460 1506 penetret
1685 1478 1721 1504 19

178 1507 290 1546 thynno
304 1508 452 1537 minimum
891 1509 910 1538 6
990 1509 1091 1539 Velum
1105 1509 1172 1538 inde
1188 1516 1287 1539 natum
1651 1508 1721 1540 ibid.

180 1547 425 1585 Quadrupedibus
444 1550 592 1588 rapacibus
607 1560 728 1590 parvum
839 1550 908 1580 ibid.
990 1549 1161 1580 Membrana
1181 1549 1406 1580 ventriculorum
1652 1549 1724 1580 ibid.

178 1588 337 1619 heibivoris
354 1589 439 1627 paulo
451 1591 544 1625 majus
795 1591 863 1622 ibid.
891 1599 911 1628 7
990 1590 1110 1620 Vascula
1125 1591 1177 1629 piae
1216 1591 1390 1621 membranae
1683 1599 1724 1619 20

180 1629 351 1659 animalibus
365 1631 482 1660 minutis
501 1632 596 1662 minus
894 1637 912 1664 8
992 1631 1130 1660 utilitates
1654 1631 1724 1661 ibid.

180 1668 261 1700 Cetis
278 1679 336 1699 non
355 1679 491 1708 magnum
895 1680 913 1706 9
992 1672 1109 1702 cerebro
1124 1670 1178 1700 esse
1191 1680 1242 1708 pro
1257 1670 1426 1701 mesenterio
1620 1680 1668 1702 20.
1686 1680 1724 1702 21

141 1720 170 1747 4.
198 1710 306 1740 Avibus
320 1710 469 1747 rapacibus
485 1720 605 1748 parvum
842 1710 913 1739 ibid.
994 1711 1101 1741 cerebri
1117 1719 1211 1748 partes
1232 1711 1305 1740 inter
1326 1710 1507 1749 se„eonigare
1687 1721 1724 1742 21

140 1786 146 1790 Ι
184 1753 273 1786 majus
288 1750 444 1788 gallinaceo
456 1753 553 1788 generi
844 1750 915 1781 ibid.
957 1759 993 1780 xo
1032 1751 1148 1781 Cerebri
1163 1757 1262 1781 cortex
1577 1759 1626 1783 21.
1647 1751 1724 1791 seqq.

186 1793 213 1821 ἃ
233 1791 362 1828 inprimis
380 1791 534 1828 passeribus
833 1801 861 1830 9.
883 1800 920 1820 ro
996 1792 1062 1822 situs
1687 1802 1724 1824 2¹

148 1841 173 1870 ς.
191 1831 310 1861 Homini
333 1838 471 1868 quantum
880 1840 920 1861 10
997 1840 1097 1862 natura
1112 1831 1205 1862 mollis
1673 1835 1727 1865 *22

186 1878 282 1902 tamen
293 1872 351 1902 fere
365 1874 471 1901 maxim
479 1881 528 1903 um
764 1899 770 1904 ,
883 1881 897 1901 1
907 1881 917 1901 ι
999 1874 1025 1903 &
1041 1873 1209 1903 exhalabilis
1654 1874 1725 1906 ibid.

146 1916 174 1944 6.
204 1913 326 1951 Figura:
366 1912 495 1951 ellipseos
850 1913 919 1943 ibid.
1000 1913 1119 1944 Vaseula
1135 1913 1218 1944 rubra
1563 1923 1612 1947 22.
1629 1923 1729 1952 τμη

186 1954 343 1984 accuratior
819 1960 868 1984 ιι.
885 1963 920 1983 12
963 1963 1011 1984 11.
1034 1954 1077 1985 De
1090 1954 1195 1984 fabrica
1210 1952 1343 1983 invisibili
1369 1954 1501 1992 quaeritur
1553 1979 1556 1982 .
1689 1966 1730 1992 24

150 2003 175 2033 7.
203 1992 360 2025 Cerebrum
377 1994 493 2032 proprie
507 1995 616 2026 dicrum
778 2004 826 2026 12.
842 1994 916 2032 seqq.
1001 1995 1241 2026 MALP1GH1US
1263 1995 1460 2031 glandulosum
1478 1996 1546 2026 fecit
1657 1995 1729 2027 ibid.

189 2034 290 2072 F¹gura
306 2035 417 2064 dimidii
433 2036 482 2067 ovi
850 2036 919 2066 ibid.
1000 2036 1103 2073 quibus
1123 2036 1297 2074 argumentis
1691 2047 1727 2073 ας

190 2075 393 2114 Hemisphaeria
888 2086 918 2113 ¹3
1001 2077 1068 2107 Non
1082 2076 1195 2106 videtur
1207 2076 1285 2106 firma
1304 2075 1383 2106 fuisse
1610 2078 1677 2110 ibid.
1691 2080 1731 2108 26

192 2115 298 2147 Eorum
311 2115 412 2148 divifio
850 2117 920 2148 ibid.
964 2126 1007 2148 12.
1037 2117 1114 2148 Num
1139 2125 1237 2148 cortex
1255 2117 1362 2147 cerebri
1377 2116 1497 2148 vasculis
1513 2119 1562 2152 fiat
1692 2121 1731 2149 26

192 2156 322 2188 consufio
847 2157 922 2189 lbid.
1002 2158 1074 2196 Quae
1093 2158 1278 2188 RuYscr-rrr
1304 2158 1342 2188 est
1355 2157 1493 2188 sententia
1660 2158 1730 2189 ibid.

193 2197 261 2235 Gyri
888 2209 925 2236 ¹4
954 2228 956 2233 ,
1003 2202 1030 2229 ἃ
1043 2200 1169 2230 Antonii
1181 2209 1209 2232 v,
1225 2200 1525 2230 LnsuwsNfloacx
1691 2208 1734 2236 27

191 2235 271 2268 Fossa
282 2237 364 2277 sylvii
847 2239 921 2270 ibid.
1003 2242 1030 2272 &
1050 2240 1261 2272 ViaussaNir
1605 2280 1631 2312 O
1685 2246 1733 2286 '28

1634 2288 1732 2312 mnino

243 2370 374 2411 Hellen
411 2371 598 2423 Phyfiolog.
646 2352 766 2414 Toni.
802 2373 877 2415 lv.
1190 2373 1227 2413 D
1247 2373 1270 2413 d
1312 2374 1334 2412 d
1354 2375 1377 2413 d
