1895 2650
524 137 809 178 SECTJV.
884 137 1328 179 UTILITAS.
1607 148 1679 185 571

119 241 218 281 sunt,
255 238 341 276 dum
363 235 418 273 alii
444 235 562 272 albent
604 233 713 277 (οὕ).
779 233 854 269 Cor
887 234 988 269 omni
1031 232 1103 270 fere
1128 234 1270 271 animali
1311 233 1459 270 rubrum
1494 232 1550 269 est.
1618 233 1686 269 Sed

121 302 156 336 ἃ
186 297 362 335 Cruffiores
394 296 438 331 ab
462 294 718 330 exercitatione
743 291 953 328 vehemente
985 301 1084 329 toros
1126 292 1199 329 fieri
1242 300 1374 329 vet-eres
1402 293 1435 327 in
1465 291 1602 328 athletis
1628 292 1687 327 ad-

112 354 286 393 notaban't
305 357 350 399 (y
363 354 392 399 >.
459 352 508 389 Ut
540 362 616 388 non
651 350 809 388 videatur
834 349 997 398 adquiliti
1020 351 1163 388 roboris
1194 363 1273 389 vera
1296 350 1393 389 causa
1426 348 1519 393 effe,
1568 352 1604 387 in
1626 361 1686 386 ex-

111 415 212 463 pulso
251 414 412 451 humore.

171 473 350 512 timeres,
397 470 430 506 Sc
463 468 635 507 machinae
665 467 708 503 ab
730 466 938 505 horninibus
969 466 1081 510 fad'tae,
1136 467 1222 505 nihil
1254 468 1385 505 liabent
1431 467 1548 506 simile.
1632 465 1687 503 Ee

111 533 208 569 enim
244 541 371 566 omnes
399 527 461 565 usu
494 526 736 567 debilefcunt‚
782 527 818 562 δι
853 527 999 573 repetita
1027 525 1187 563 flexione
1228 527 1370 574 fragiles
1396 527 1494 564 fiunt.

170 589 425 635 Conjecturam
447 586 602 634 aliquam
630 585 746 621 innui.
829 584 1016 622 Suffecerit
1062 585 1155 622 forte
1184 584 1372 627 mansure,
1418 586 1458 623 ad
1491 587 1686 622 {narei-nutu

110 647 262 685 musculi
294 648 404 683 robur
436 645 570 693 requiri
595 652 728 680 certam
758 644 794 679 in
829 644 969 691 glutine
1004 644 1146 680 animali
1181 643 1405 685 firmitatem,
1438 657 1525 680 eam
1551 644 1688 691 adquiri

110 705 310 756 prellione‚
345 716 423 753 quae
448 704 496 740 est
525 705 561 739 in
594 701 742 739 musculi
778 702 944 744 afflone,
988 702 1075 739 dum
1100 702 1218 740 lacerti
1255 703 1298 739 ad
1341 702 1374 738 se
1402 704 1555 740 invicem
1589 713 1687 739 acce-

112 765 214 801 dunt.
279 763 375 801 Hinc
407 762 503 798 senes
533 773 607 797 non
646 761 857 803 exercendi,
894 762 955 810 qui
988 761 1132 797 aliunde
1164 762 1304 809 glutine
1333 760 1400 798 ssnt
1427 763 1533 798 nimis
1557 760 1685 809 rigido*

111 821 210 880 {linc
234 824 304 861 vita
326 822 432 879 nimis
457 820 592 859 actuosa
617 818 830 857 senectutem
857 831 1057 870 praecocem
1091 819 1173 857 facit
1190 821 1205 866 (
1216 833 1240 856 z
1255 823 1282 868 ),

649 932 693 973 ἓ.
719 926 794 966 VI,
865 926 942 976 Offa
973 926 1146 974 figurant.

168 1037 303 1086 Magna
333 1036 381 1074 est
409 1035 654 1075 musculorum
677 1035 712 1071 in
739 1033 867 1072 offium
904 1034 1119 1083 figuratione
1155 1035 1319 1084 dignitas.
1397 1034 1497 1074 Fetui
1534 1036 1687 1074 rotunda

113 1097 186 1134 fere
209 1097 331 1134 omnia
359 1095 467 1137 sunt,
521 1095 557 1131 &
580 1095 712 1142 absque
741 1095 966 1130 eminentiis:
1014 1094 1153 1133 Adultis
1204 1094 1273 1133 offa
1308 1094 1417 1142 longa
1457 1094 1530 1131 fere
1569 1097 1690 1133 omni-1

110 1157 310 1208 triquetra,
358 1160 398 1191 ut
423 1153 510 1201 saepe
538 1154 574 1189 in
605 1152 786 1196 humero,
835 1152 1029 1201 [equidem
1075 1155 1192 1191 minus
1233 1152 1418 1190 evidenter
1462 1155 1686 1202 triquetro]‚

108 1213 244 1252 facilius
272 1213 420 1250 veroin
450 1211 612 1253 femore,
652 1212 737 1248 tibia
757 1238 766 1252 ,
813 1210 941 1254 fibula,
977 1211 1086 1255 ulna,
1126 1212 1246 1255 radio,
1284 1210 1468 1250 &ossibus
1499 1215 1689 1261 metacarpi

108 1273 193 1310 vidi.
255 1271 385 1319 Figura
422 1281 533 1319 porro
562 1268 780 1319 processibus
820 1270 857 1311 ἃ,
887 1270 987 1308 lineis
1014 1268 1130 1318 aspera
1156 1272 1194 1308 in
1220 1269 1350 1308 ossibus
1390 1282 1409 1308 a
1443 1270 1688 1316 musodorum

106 1331 242 1379 yiribus
273 1330 433 1370 nascitur.

169 1388 299 1428 Multis
331 1388 450 1427 modis
483 1387 637 1426 musculi
665 1393 869 1436 operantur.
933 1386 1037 1425 Dum
1072 1387 1133 1427 ossi
1166 1388 1385 1428 accumbunt
1412 1389 1448 1426 &
1476 1389 1680 1438 frequenter

109 1449 148 1489 in
182 1448 320 1486 actione
356 1447 413 1486 sua
441 1446 705 1488 intumescunt,
739 1445 979 1494 depressiones
1017 1448 1054 1484 in
1084 1459 1129 1484 eo
1151 1446 1339 1490 efficiunt,
1375 1460 1588 1497 quacunque
1607 1448 1687 1485 lona

111 1507 211 1556 gi&
236 1515 363 1545 teretes
400 1504 531 1547 offibus
562 1505 684 1552 longis
713 1504 882 1542 adsident.
950 1505 1040 1543 Inde
1074 1505 1170 1543 foffae
1202 1514 1435 1555 temporum,
1483 1508 1519 1543 in
1544 1507 1617 1544 fetu
1637 1507 1685 1544 le-

111 1578 170 1607 ves
189 1594 199 1608 ,
234 1567 271 1603 in
297 1565 446 1602 homIne
473 1563 597 1602 adulto
625 1562 863 1602 evidentiores
883 1593 892 1607 ‚
927 1566 965 1601 in
981 1565 1197 1602 animalibus
1232 1564 1412 1606 ferocibus
1438 1567 1615 1603 maximae.

168 1624 257 1662 Non
289 1624 412 1661 solum>
431 1635 515 1660 vero
542 1623 751 1671 deprimunt
785 1621 882 1665 offa,
920 1622 978 1659 sed
1011 1623 1195 1666 indurant,
1251 1632 1357 1672 atque
1379 1624 1456 1661 elisa
1479 1625 1547 1661 tela
1578 1624 1686 1662 cellu-

109 1683 172 1722 lari
205 1683 349 1720 laminas
375 1682 564 1730 propiores
595 1680 638 1717 ad
670 1680 852 1716 contaetus
881 1681 1041 1728 adigunt.
1106 1680 1159 1718 Eo
1198 1681 1341 1719 duriora
1370 1694 1459 1730 ergo
1485 1681 1557 1720 offa
1583 1683 1684 1725 sunt,

115 1753 190 1791 quo
216 1735 414 1786 maioribus
448 1737 615 1776 musculis
640 1745 876 1785 exponuntur
896 1738 1000 1783 (a),
1044 1746 1085 1775 ut
1115 1738 1251 1781 femur,
1289 1740 1324 1776 ἃ,
1346 1741 1452 1783 tibia,
1496 1742 1532 1778 &
1562 1741 1688 1779 hume-

113 1812 199 1846 tus;
232 1797 376 1848 offaque
403 1797 513 1845 longa
548 1797 585 1832 in
634 1795 839 1834 universum
881 1796 998 1834 multo
1047 1795 1190 1834 duriora
1234 1798 1431 1841 brevibus,
1466 1798 1616 1848 tarsrque
1650 1800 1687 1835 δε

111 1859 208 1907 carpi
253 1855 325 1895 offa
364 1855 501 1905 semper
536 1853 752 1904 spongiosa,
811 1855 941 1904 quibus
981 1854 1144 1893 tendines
1184 1857 1332 1904 potius,
1405 1868 1513 1906 quam
1566 1869 1687 1896 carnes

114 1917 285 1964 adjacent.

170 1975 269 2012 Alter
300 1971 432 2010 modus
461 1972 533 2015 est,
586 1983 662 2022 quo
690 1982 767 2009 non
792 1971 942 2022 quidem
979 1970 1048 2010 offa
1071 1972 1202 2020 adjecta
1235 1974 1508 2023 comprimunt,
1551 1973 1609 2012 sed
1638 1980 1739 2012 ta-“

112 2045 197 2073 men
225 2031 449 2082 impediunt,
483 2043 530 2069 ne
562 2030 789 2074 excrescant,
833 2031 921 2070 dum
952 2033 1065 2080 magis
1092 2030 1272 2076 resistunt,
1317 2044 1424 2083 quam
1452 2044 1492 2071 os
1513 2035 1684 2084 reprimit.

918 2089 950 2130 C
967 2102 986 2128 c
1017 2102 1036 2128 c
1056 2103 1075 2128 c
1136 2100 1161 2130 2
1636 2090 1689 2129 Eo

183 2243 246 2291 κέ)
275 2243 384 2289 Οιενι-
401 2240 487 2289 qsthe
499 2245 580 2281 guts'
595 2252 621 2281 p.
636 2252 684 2279 41·

175 2296 227 2360 31)
249 2282 500 2360 ggingipij-qinih
532 2323 635 2361 infirm.
661 2333 687 2361 p.
707 2332 776 2357 zze.
830 2328 832 2330 '

181 2367 222 2406 a)
247 2363 364 2401 Janxs
385 2361 431 2404 qffi
457 2365 564 2395 maxill.
584 2362 710 2404 fiptenn.
725 2361 788 2405 dzffl
801 2363 821 2397 1.
