1905 2640
288 90 369 139 384
551 87 707 127 LIB.
761 85 807 126 X.
873 84 1615 129 CEREBRUMETNERVL

280 184 443 223 humoris
465 190 601 233 partem
629 183 761 231 deponi
781 183 838 230 (d
853 183 879 229 ).
944 183 1030 221 Haec
1060 196 1146 222 vero
1173 186 1219 221 ita
1246 184 1355 221 velim
1385 184 1580 232 distingui,
1625 191 1665 223 ut
1681 196 1794 236 vapor
1810 187 1851 225 il-

281 243 316 281 le
333 273 341 286 ‚
375 244 495 281 fistulis
521 240 727 281 niedullofis
757 243 1014 285 circumfusus,
1047 244 1156 292 inque
1174 244 1323 281 cerebro
1349 244 1552 281 manifestus
1571 242 1674 290 (e),
1707 257 1726 282 a
1759 258 1865 293 gran-

280 303 441 340 dioribus
481 303 547 339 illis
580 304 741 344 arteriis,
782 301 976 338 medullim
1019 302 1305 350 perforantibus‚
1340 314 1535 351 earumque
1561 303 1761 351 conspicuis
1788 305 1862 341 sur-

281 363 370 399 culis
407 362 555 411 perinde
587 360 791 409 separetur,
845 368 882 398 ut
908 361 989 397 alibi
1027 363 1064 397 in
1101 362 1243 398 animali
1284 373 1439 410 corpore
1476 361 1654 408 ejusmodi
1688 374 1860 411 vaporem

279 422 447 459 cominus
479 421 522 457 de
556 421 728 457 arteriolis
763 419 942 457 ostensum
979 420 1026 456 est
1053 419 1167 458 halare
1202 417 1293 470 (f).
1358 420 1417 458 Sic
1448 432 1492 457 ex
1519 421 1695 457 arteriolis
1729 433 1859 460 nervos

281 480 496 518 adeuntibus
517 481 602 527 (g)
633 478 752 516 similis
780 491 892 527 vapor
919 480 1056 516 circuni
1085 479 1266 517 funiculos
1294 491 1445 516 nerveos
1468 479 1620 528 exspirat
1632 479 1672 527 (h
1688 477 1714 527 ).

338 539 487 581 Contra,
525 551 610 577 cum
639 538 718 575 solae
746 540 878 575 arteriae
902 537 1044 574 corticis
1086 539 1222 576 cerebri
1257 539 1293 574 in
1331 538 1495 576 ultimam
1529 538 1739 581 mollitiem,
1774 537 1860 576 hinc

277 599 315 635 in
350 598 512 636 ultimam
532 626 541 640 ,
567 607 607 635 ut
629 597 768 633 videtur
789 624 798 638 ,
835 599 1080 644 tenuitatem<
1107 600 1120 634 z'
1146 604 1158 645 )
1199 597 1443 639 resolvantur,
1491 597 1570 634 solae
1607 609 1655 634 eae
1688 597 1858 635 arteriolae

278 669 361 694 cum
390 659 492 694 omni
519 656 682 694 medullae
704 656 837 692 cerebri
866 657 1084 701 imeginabili
1105 656 1238 705 punito
1262 655 1462 693 cohaereant
1478 655 1638 704 undique
1659 656 1735 702 (le)
1755 684 1765 698 ‚
1811 667 1859 693 ex

278 717 319 753 iis
348 718 453 753 etiam
475 717 617 752 corticis
647 698 820 751 arterisslis
847 713 882 750 in
913 714 1040 752 fistulas
1070 715 1302 758 medullares,
1367 715 1403 752 δε
1443 726 1586 751 nerveas
1613 714 1732 763 liquor
1761 714 1859 762 spiri-

278 774 397 812 tuosus
422 774 647 824 deponitur:
683 780 761 810 tum
791 784 836 810 ex
864 772 1035 812 similibus
1062 774 1229 812 cerebelli
1260 774 1296 811 &
1329 773 1495 813 medullae
1526 773 1666 824 spinalis
1688 774 1856 811 corticeis

275 833 456 871 arteriolis.

750 946 783 987 §.
819 941 947 981 XIX.
1011 941 1137 980 Motus
1165 921 1371 991 spirituum.

336 1052 412 1090 Erit
437 1053 475 1090 in
504 1063 548 1089 eo
578 1049 718 1099 liquore
746 1049 881 1100 duplex
908 1057 1028 1088 motus
1046 1077 1055 1092 ,
1097 1057 1291 1100 perpetuus
1339 1050 1425 1088 alter
1452 1061 1472 1088 a
1505 1049 1616 1088 corde
1645 1048 1857 1098 iinpreffusg

277 1113 403 1161 utique
433 1111 548 1148 lentus
567 1109 660 1158 (l),
697 1121 771 1158 quo
802 1109 878 1157 ipso
911 1117 1016 1147 motu
1042 1110 1079 1146 in
1107 1110 1199 1153 fetu,
1238 1112 1276 1146 in
1296 1108 1446 1146 homine
1473 1110 1594 1157 quiete
1619 1108 1848 1153 dormiente,

275 1174 386 1220 inque
418 1172 562 1212 nervis,
598 1180 756 1218 quorum
778 1167 901 1206 officio
926 1180 1023 1206 nunc
1057 1170 1173 1205 anima
1204 1181 1280 1206 non
1311 1170 1442 1210 utitur,
1478 1167 1617 1217 spiritus
1641 1171 1855 1208 continuoa

254 1231 426 1279 fferebro
455 1229 499 1267 ad
533 1239 730 1266 nervorum
761 1227 848 1265 fines
875 1228 1040 1265 tendunt.
1113 1225 1166 1264 Eo
1190 1226 1286 1265 sensu
1313 1237 1456 1266 motum
1495 1226 1682 1277 spirituum
1715 1228 1856 1266 lentum

275 1300 406 1327 vocare
429 1287 559 1337 pollis,
591 1298 710 1336 eoque
730 1299 843 1338 porro
876 1287 973 1324 sensu
1006 1284 1112 1336 poffis
1146 1288 1334 1325 cerebrum
1366 1298 1434 1335 pro
1470 1286 1581 1324 corde
1606 1285 1694 1332 (m)
1723 1299 1856 1325 nervo-

273 1359 356 1386 rum
378 1347 506 1385 habere
522 1376 532 1390 ,
571 1359 590 1384 a
615 1358 690 1395 quo
717 1353 859 1383 motum
885 1345 1047 1383 habeant.
1124 1344 1318 1391 Quaerebat
1348 1344 1375 1382 B
1391 1358 1414 1383 o
1431 1356 1723 1382 εκΗΑΑνῐυε
1753 1347 1850 1394 (n),

277 1397 389 1457 quar!
413 1419 487 1444 non
515 1405 669 1444 alternus
690 1406 718 1442 is
746 1413 867 1443 motus
893 1404 957 1446 fit,
991 1404 1015 1442 fi
1050 1416 1068 1442 a
1099 1413 1204 1443 motu
1233 1406 1437 1443 arteriarum
1485 1404 1543 1442 est.
1609 1403 1680 1442 Sed
1714 1404 1854 1443 dudum

275 1466 323 1503 est
349 1465 548 1508 ostensum,
581 1464 700 1503 cordis
730 1463 1004 1502 accelerationes
1045 1476 1092 1502 ne
1116 1464 1161 1502 ad
1187 1463 1358 1503 ultimum
1389 1475 1502 1514 usque
1530 1462 1640 1501 finem
1672 1463 1855 1502 arteriola-

272 1535 355 1562 rum
392 1525 580 1563 rubrarum
607 1525 812 1574 pertingere
828 1525 844 1572 (
860 1535 878 1560 o
889 1522 920 1572 ).
1823 1572 1826 1576 4

1753 1579 1852 1618 Alter

312 1689 381 1727 (d)
404 1690 457 1728 ῘρΓι
480 1688 627 1720 adversarii
655 1688 802 1719 cerebrum
825 1696 963 1725 organum
992 1686 1174 1717 secretorium
1207 1686 1261 1717 effe
1293 1686 1472 1725 probarunt,
1510 1685 1558 1715 etii
1590 1685 1619 1715 id
1654 1683 1731 1723 quod
1763 1683 1851 1714 secer-

268 1731 331 1767 nit,
380 1731 528 1770 lympham
561 1731 714 1766 dixerunt,
760 1727 936 1758 Lisrnaus
959 1737 984 1758 c.
1006 1736 1051 1766 50.
1075 1727 1111 1758 ad
1128 1737 1153 1758 c.
1172 1738 1221 1767 53.
1252 1737 1341 1759 exerc.
1363 1728 1445 1758 alter.
1460 1726 1494 1756 de
1524 1727 1635 1757 huccin.
1682 1725 1780 1757 Gon»
1795 1725 1846 1757 suff,

266 1773 357 1804 Berol.
378 1774 400 1803 l.
434 1773 488 1802 vol.
506 1774 533 1802 3.
565 1782 591 1810 p.
614 1780 661 1807 40.

309 1813 376 1890 8))
399 1823 438 1884 pr
455 1813 597 1891 {griffi}
612 1852 736 1883 maxime
759 1851 875 1882 succum
905 1859 1043 1883 nerveum
1070 1851 1161 1890 parari
1182 1850 1325 1882 Gonu.
1350 1850 1427 1882 Chir.
1450 1858 1478 1880 ιι.
1496 1858 1570 1888 777.

310 1895 325 1970 ἓ
361 1896 376 1971 ))
396 1895 599 1973 3:369190.

310 1976 326 2011 (
360 1977 372 2011 )
394 1985 423 2014 p.
454 1985 500 2006 22.
518 1986 568 2013 29.

265 2015 268 2024 '
309 2015 324 2051 (
361 2017 373 2052 )
397 2026 426 2054 p.
442 2025 488 2046 20.

311 2056 344 2090 (1
360 2057 373 2092 )
391 2058 481 2086 Lente
492 2056 600 2088 moveri
612 2054 724 2093 spiritus
737 2055 888 2086 GmssoN
908 2055 941 2084 de
954 2053 1042 2096 intest.
1057 2062 1084 2091 p.
1101 2055 1164 2090 165.
1180 2052 1222 2083 Co
1230 2064 1268 2083 ιι
1283 2051 1423 2090 defebrib.
1446 2052 1590 2082 interrm'te
1599 2062 1626 2091 p.
1646 2052 1842 2090 72.Bncn

333 1905 353 1964 i

337 1986 347 2004 ι

332 2017 350 2045 k

1895 1981 1905 2058 3

269 2098 302 2126 de
307 2094 387 2135 succi
414 2100 531 2126 nutritii
552 2107 601 2134 per
627 2107 724 2126 nervos
735 2096 867 2134 transitu.
899 2095 1088 2126 virelinse
1127 2096 1209 2124 Elem.
1249 2095 1277 2125 L.
1297 2093 1319 2124 Ῑ.
1357 2104 1382 2124 c.
1398 2105 1424 2129 ς.
1469 2094 1685 2124 Bossizmmss
1722 2093 1842 2124 Praelea.
1900 2104 1905 2118 1

267 2137 305 2168 Τ.
320 2137 353 2167 ii.
382 2147 409 2166 nv
427 2138 504 2171 288..
540 2139 691 2168 Mounoo
720 2135 755 2174 of
774 2146 869 2166 nerves
889 2145 915 2175 p.
930 2144 997 2173 373.
1034 2134 1212 2166 FLEMYNG
1261 2135 1297 2173 of
1321 2134 1367 2164 tbe
1391 2141 1494 2164 nature
1518 2133 1552 2172 of
1563 2135 1610 2164 the
1625 2144 1744 2165 nervom
1756 2135 1840 2171 fluid.

265 2177 296 2210 L.
317 2177 353 2207 de
367 2177 567 2208 CLARELms
596 2187 624 2216 p.
638 2188 685 2211 ςῐ.

307 2218 393 2254 (m)
415 2218 601 2248 Rosmsou
618 2216 710 2256 spleen
733 2227 760 2255 p.
775 2228 841 2256 300.
874 2217 1016 2255 Sphaerica
1040 2228 1107 2249 vero
1131 2218 1160 2247 in
1189 2217 1296 2249 cortice
1313 2216 1420 2247 cerebri
1453 2226 1568 2255 organa,
1592 2225 1654 2254 quae
1677 2215 1788 2253 spiritus
1811 2215 1842 2245 in

265 2258 350 2289 fibras
372 2267 490 2296 urgeant
514 2260 674 2289 Emanuelizs
691 2259 920 2289 Swzossonou
943 2260 972 2288 in
998 2259 1025 2289 P.
1040 2269 1066 2290 2.
1086 2259 1139 2289 suae
1158 2258 1339 2296 physiologia.
1366 2258 1400 2287 ad
1413 2257 1583 2296 hypothesin
1594 2258 1749 2297 pertinent.
1769 2253 1843 2287 Nul-

266 2299 294 2329 la
317 2300 459 2335 ejusmodi
483 2300 512 2329 in
536 2298 699 2330 molliffimo
727 2301 834 2331 cortice
869 2299 1024 2331 musculosa
1051 2299 1184 2332 machina
1210 2299 1307 2332 locum
1327 2298 1432 2330 habere
1450 2298 1552 2337 potest.

308 2340 380 2419 {532
391 2350 428 2412 ἔ
436 2346 534 2420 liii-81».
549 2389 619 2415 210.
632 2379 708 2420 seqq.

1882 2281 1905 2423 l

1884 2433 1903 2482 ῑὲ

1881 2516 1901 2566 ἡ,

1875 2571 1900 2640 i·
