1957 2630
547 106 579 150 P
640 106 681 151 R
742 106 800 152 αἱ
863 106 892 150 F
953 104 1103 149 Α.ἿΓ
1164 104 1180 148 1
1243 104 1304 149 Ο.
1649 120 1746 152 V11

141 204 222 246 liari
241 235 252 254 ,
299 200 360 244 sed
386 213 487 245 certe
516 220 669 255 αμουσω
693 203 742 244 ita
755 215 951 258 comparat
967 232 979 250 ,
999 214 1041 243 ut
1053 200 1224 258 praeferat
1249 200 1402 244 SCHU
1419 212 1450 243 Y
1466 212 1489 243 1.
1505 211 1623 244 ΙυΜ.
1660 201 1744 259 Ego

142 265 301 318 quidem
336 263 519 310 memini,
562 265 599 302 δι
644 263 757 303 citavi
801 260 1016 304 ALBIN1
1050 262 1226 310 monita,
1260 275 1344 316 qnae
1372 262 1488 302 etiam
1521 259 1602 301 sunt
1633 263 1743 315 ipsius

142 322 175 365 B
189 335 219 365 O
236 335 257 364 E
274 334 301 363 R
319 334 351 363 H
369 334 395 362 A
412 333 440 361 A
456 332 509 362 Vl
524 332 539 362 1
557 352 567 370 2
601 320 711 376 qnod
744 334 875 375 practer
899 317 983 360 vasa
1015 322 1158 375 repleta
1182 321 1219 362 in
1249 320 1394 361 cerebri
1421 321 1567 360 cortice
1584 351 1594 368 ,
1625 323 1660 361 &
1677 323 1742 363 ali-

143 383 206 428 bi,
243 380 390 435 aliquid
427 377 599 434 supersit,
623 379 733 436 quod
755 394 948 435 nunquam
973 380 1174 434 repleatur.
1234 377 1311 421 Sed
1350 379 1610 433 experimenta
1650 382 1739 422 flatu

141 440 235 482 faeta
255 469 265 486 ,
283 442 453 494 Senepta,
473 434 612 493 quibus
634 453 770 479 omnes
800 439 1030 480 membrana>
1050 439 1086 478 in
1109 435 1324 480 cellulosam
1339 438 1454 480 telam
1479 435 1738 479 resolvuntur:

140 502 179 540 &
198 497 350 538 viciffim
374 498 601 538 morborum
629 498 732 546 vim,
763 512 846 552 quae
874 495 1090 538 cellulosam
1112 498 1225 540 telam
1247 498 1284 538 in
1320 498 1557 539 membranas
1586 495 1740 538 vitiosas

138 557 383 611 compingit,
436 571 649 611 omnesque
704 558 865 597 omnino
903 557 1164 605 membranas,
1197 567 1333 611 praeter
1370 556 1631 597 incumbentia
1657 572 1736 597 non

138 617 266 670 magni
306 615 511 655 voluminis
543 613 655 662 vasa,
697 613 914 655 cellulosam
942 612 1013 655 ess'e
1037 619 1053 663 (
1074 620 1160 664 20)
1204 616 1440 669 compactam
1475 617 1614 662 telam,
1670 630 1738 656 ne-

138 687 216 728 que
249 674 341 714 olim
371 672 627 715 ALBINUS
665 673 825 727 docuit,
860 672 923 715 sed
957 688 1082 729 neque
1100 688 1227 721 nunc,
1262 686 1448 729 quantum
1484 674 1628 722 video,
1661 676 1734 714 do-

138 744 227 781 cet,
260 746 386 787 neque
415 733 615 787 quisquam
651 732 811 781 docuit,
863 744 995 787 praeter
1026 746 1094 774 eos
1125 734 1252 780 viros,
1298 747 1398 787 quos
1438 733 1630 781 excitavi,
1682 735 1730 775 ad

137 805 237 844 quos
255 789 321 836 (31.
338 805 374 830 V.
394 788 432 832 G
450 802 471 832 E
485 802 514 833 υ
528 801 557 831 N
571 804 587 831 s
607 789 792 833 accenseri
821 792 939 833 debet
956 796 1074 841 (21),
1093 795 1129 832 &
1147 791 1185 845 J.
1204 790 1390 834 SAMUEL
1407 789 1453 833 H
1467 803 1493 832 A
1511 803 1536 834 L
1550 804 1607 834 LE
1627 798 1663 839 (2
1678 798 1732 840 2).

138 847 190 896 Et
225 862 354 890 tamen
389 850 466 890 haec
488 864 544 890 res
575 851 626 890 est
649 850 805 903 alicujus
846 853 1047 892 momenti.
1085 849 1215 893 Addit
1235 881 1246 899 ,
1277 849 1350 902 Vir
1375 849 1475 893 ILL.
1517 864 1557 891 ut
1586 851 1734 898 ridieuii

141 908 235 964 quid
277 906 411 955 subsit,
441 908 735 950 admirationem
766 910 923 958 famuli,
961 913 996 951 ὅ(
1020 911 1192 965 ftmgofi(
1214 925 1259 965 23
1281 913 1300 962 >
1323 923 1596 957 textusvocem
1618 940 1630 959 2
1665 911 1735 965 qui

137 968 350 1009 constanter
376 969 583 1019 spongiosus
614 969 709 1009 verti
738 968 886 1019 debuit.

144 1120 149 1122 ‚
196 1072 442 1117 Involucrum
480 1076 615 1131 lingum
656 1091 852 1132 nunquam
888 1078 980 1125 mihi
1013 1077 1200 1134 adrogavi
1240 1077 1458 1128 inventum..
1520 1075 1628 1120 Vere
1665 1079 1734 1122 de-,

134 1131 311 1190 scriptum
347 1133 419 1182 effe
457 1136 494 1176 in
517 1140 646 1186 primis
669 1139 803 1187 lineis(
826 1138 939 1189 24),
976 1140 1012 1178 δε
1041 1137 1089 1178 ad
1111 1150 1306 1186 naturam,
1336 1151 1415 1185 non
1445 1151 1492 1178 ex
1524 1134 1656 1179 summi
1673 1140 1730 1179 vi-

136 1194 177 1234 ri
195 1191 351 1242 scholis,
393 1193 459 1235 etfi
493 1190 554 1235 eas
583 1195 820 1250 antiquiores
850 1194 922 1238 effe
955 1211 1034 1237 non
1055 1197 1304 1250 negaverim,
1341 1208 1445 1237 tutus
1466 1196 1650 1252 quidem,
1672 1213 1733 1240 re-

135 1264 243 1308 pete.
291 1250 465 1294 Laudem
492 1253 553 1294 hic
585 1268 666 1295 non
706 1269 866 1310 quaerO‚
918 1269 984 1298 cur
1009 1253 1217 1297 maluiffem
1258 1256 1388 1304 citari,
1435 1257 1515 1309 ejus
1542 1261 1731 1298 rationem

141 1310 326 1364 dedi(z5
344 1315 379 1363 ).

195 1417 319 1463 Nunc
350 1417 555 1475 sequuntur
586 1435 652 1470 ea,
687 1436 769 1477 quae
794 1437 872 1463 non
909 1420 1033 1464 s01um
1057 1437 1136 1464 non
1164 1435 1268 1472 nova
1291 1422 1391 1472 esse,
1428 1420 1491 1464 sed
1516 1419 1601 1465 falsa
1635 1422 1730 1468 Ab·

135 1488 232 1526 ΒΙΝ
249 1491 299 1518 us
332 1492 478 1519 monet.
530 1478 580 1521 Et
605 1481 767 1534 primum
788 1481 837 1522 de
869 1485 1026 1522 Valoula
1057 1485 1130 1527 coli.
1192 1479 1273 1521 Vix
1302 1482 1395 1530 meis
1427 1483 1547 1531 oculis
1582 1483 1727 1533 credo,

135 1536 230 1584 dum
254 1549 298 1577 ea
332 1536 393 1577 hic
424 1538 539 1592 lego,
572 1553 656 1593 quae
684 1539 785 1580 adeo
816 1537 917 1588 fuse,
958 1544 996 1583 δέ
1024 1542 1169 1581 minute
1198 1536 1323 1580 scribit
1365 1539 1423 1588 vJ'ir
1449 1537 1642 1590 summus,
1685 1555 1728 1584 ut

134 1609 215 1636 non
248 1594 380 1649 poflim
411 1597 505 1636 mihi
530 1611 667 1653 negare
691 1628 701 1646 ‚
739 1595 871 1653 scripta
899 1598 984 1641 esse.
1036 1596 1274 1640 Ceuulosam
1303 1606 1440 1654 nempe
1470 1601 1583 1641 telam
1620 1602 1727 1643 ileon

134 1653 184 1694 ad
215 1654 331 1694 colon
365 1656 544 1710 religare,
577 1670 660 1697 earn
701 1656 821 1698 deleri
865 1658 1036 1704 debere,
1080 1671 1120 1698 ut
1156 1659 1205 1699 de
1235 1659 1324 1699 colo
1361 1659 1464 1700 ileon
1493 1671 1630 1708 exeat,
1676 1662 1726 1702 ita

130 1713 301 1753 valvulas
329 1712 376 1753 ad
400 1714 579 1756 circuium
615 1716 766 1770 primo,
818 1716 962 1758 deinde
1000 1717 1048 1758 ad
1086 1718 1244 1763 nihilum
1268 1718 1419 1766 reduci,
1473 1721 1512 1759 ,ὅς
1543 1733 1723 1761 nerveam

130 1770 194 1815 ilei
228 1773 393 1812 tunicam
420 1774 523 1813 exire
549 1773 597 1814 de
642 1776 732 1822 colo
764 1805 775 1824 ,
836 1778 1095 1832 angulumque
1130 1779 1271 1821 rectum
1299 1775 1378 1818 fieri
1405 1789 1518 1834 negat
1550 1777 1723 1819 ALBI-

127 1839 160 1869 Ν
186 1842 209 1869 υ
229 1843 246 1870 s
273 1835 401 1880 (26).
426 1830 547 1873 Facile
577 1847 670 1873 vero
698 1833 817 1874 credo
835 1865 845 1883 ,
880 1849 1006 1890 neque
1039 1834 1284 1882 dfffmulavi,
1304 1835 1418 1877 ctiam
1442 1832 1664 1877 musculosas
1680 1835 1723 1877 fi-

127 1887 213 1929 bras
244 1888 372 1930 incidi.
424 1889 501 1932 Sed
533 1905 613 1939 non
641 1891 732 1934 ideo
764 1893 990 1937 cellulofitas
1017 1895 1065 1936 ab
1092 1908 1135 1936 ea
1163 1894 1259 1951 plica
1275 1893 1404 1945 abest,
1442 1906 1508 1943 aut
1541 1910 1620 1943 uon
1654 1895 1722 1936 de-

1650 1954 1720 2000 bn

166 2103 254 2141 (πο)
277 2104 307 2135 L.
324 2104 360 2136 ΙΙ.
383 2115 409 2143 p.
424 2114 471 2136 αἱ.

167 2143 255 2181 (21)
279 2148 322 2175 De
341 2147 403 2175 vita
430 2157 456 2184 p.
474 2155 500 2185 7.

167 2184 180 2221 (
198 2186 259 2222 22)
280 2184 435 2225 Gefcbichte
454 2189 503 2217 der
521 2189 622 2220 Tln'ere
648 2198 680 2228 p.
700 2193 747 2230 56.

166 2225 264 2264 (23)
301 2227 327 2256 L.
347 2227 378 2257 V.
408 2237 434 2266 p.
454 2237 500 2266 ³2·

166 2266 261 2304 (24)
291 2267 360 2297 Ibid.
390 2278 418 2305 p.
440 2279 482 2308 ¹7·

173 2306 231 2341 (ις
249 2307 262 2343 )
287 2317 313 2345 p.
330 2308 377 2338 IV.

165 2346 256 2385 (πό)
286 2357 314 2386 1>-
334 2357 379 2388 53·
400 2359 446 2387 54·
