1957 2630
490 131 816 174 SEOT.V.
910 131 1311 187 NERVJ.
1569 146 1647 183 197

72 231 187 270 ’nervo
213 231 332 270 caudae
358 232 497 281 equinae
533 231 672 272 nervis,
714 229 1004 278 experimentum
1039 227 1102 265 fibi
1142 241 1218 266 non
1253 228 1452 266 successisse.
1523 229 1650 276 Quare·

73 292 305 329 vehementer
331 291 508 339 suspicor,
554 301 637 328 eum
675 287 728 325 Cl.
780 290 896 326 virum
940 287 1133 325 humorem
1184 286 1306 325 vidiffe
1341 288 1538 331 vise-idum,
1574 303 1649 339 quo

71 351 341 388 infundibulum
379 350 474 386 durae
498 350 716 385 membranae
742 347 908 385 medullae
942 346 1081 396 spinalis
1116 346 1395 396 frequentissime
1412 348 1559 397 plenum
1576 350 1645 392 est,

72 410 108 446 Sc
138 412 199 459 qui
228 410 322 446 idem
357 410 394 445 in
425 407 558 457 spinam
589 406 737 443 bifidam
769 407 888 444 austus
918 406 991 443 abit
1022 405 1107 452 (t).
1187 406 1240 443 Cl.
1275 405 1465 444 Beana
1485 421 1507 444 a
1540 409 1649 458 ipsam

69 468 264 506 medullam
301 469 400 505 nervi
435 465 652 516 expreffissb,
687 477 731 502 ex
771 465 848 502 alba
875 465 911 502 &
938 464 1056 502 oleosa
1093 471 1217 502 natura
1239 464 1398 514 suspicor
1423 467 1513 512 (u).

129 526 207 575 Ego
233 527 380 575 quidem
412 526 552 564 nullum
582 536 742 574 unquam
773 524 994 566 humorem,
1033 525 1095 572 qui
1143 533 1318 561 mereatur
1350 527 1552 568 nominari,
1595 533 1649 565 tot

67 586 104 622 in
130 587 404 634 experimentis,
441 588 549 634 inque
575 595 774 622 nervorum
801 583 1009 621 vulneribus
1040 584 1076 620 &
1107 582 1342 630 ligationibus
1370 584 1454 621 vidi.

126 644 292 693 Analyfin
328 657 524 682 nervorum
561 643 759 681 chemicam
791 643 913 685 addo,
970 655 1015 680 ne
1050 641 1185 691 aliquid
1233 641 1353 679 videar
1383 642 1652 694 praeterniififfe.'

66 701 161 740 Nam
187 704 289 740 facile
320 704 515 752 adgnosco,
547 703 612 740 hac
635 715 679 740 ex
713 702 883 739 violentia
918 699 1139 753 peculiarem
1170 708 1333 738 naturam
1358 713 1555 740 nervorum
1583 705 1650 740 mi-

64 763 163 799 nime
205 762 320 800 adisci.
394 762 491 811 Ergo
535 763 571 798 in
615 761 767 799 homine
792 789 803 804 ,
850 762 912 810 qui
960 772 1005 798 ex
1046 760 1178 798 morbo
1214 759 1427 798 convulfivo
1470 763 1646 810 perierat,

64 823 165 858 nervi
197 822 373 859 dederunt
394 822 491 863 olei,
527 821 563 857 δε
589 819 663 858 salis
696 820 848 858 volatilis
866 831 992 869 parum
1010 848 1020 862 ,
1065 819 1284 871 phlegmatis
1307 831 1397 857 vero
1433 822 1507 858 vim
1536 823 1648 859 maxi-

62 891 183 921 mam,
236 882 272 916 in
300 892 376 929 quo
406 880 612 930 phlegmate
638 891 716 929 pars
749 877 940 917 undecima
974 878 1117 921 similis,
1152 879 1246 916 utin
1263 879 1387 921 urina,
1420 879 1560 928 spiritus
1576 892 1650 917 am-

61 938 269 975 moniacalis
296 938 362 977 fuit
383 939 474 989 (x).
553 938 685 989 Neque
722 950 766 975 ex
791 938 865 975 hoc
898 939 1151 985 experimento
1181 935 1394 975 conclusero
1413 965 1425 983 ,
1464 938 1648 977 alcalinam
1694 951 1703 959 ·

60 996 339 1035 convulfionum
371 998 507 1036 causam
541 996 630 1040 effe,
672 998 735 1046 qui
759 998 883 1045 potius
913 996 998 1033 inde
1021 996 1224 1039 deducam,
1262 998 1298 1033 in
1320 996 1444 1033 eadem
1472 996 1650 1036 elementa

59 1067 188 1093 nervos
230 1056 274 1094 ad
300 1059 425 1104 ignem
450 1056 648 1099 discedere,
702 1057 740 1094 in
767 1067 846 1107 quae
878 1054 952 1093 aliae
1004 1067 1232 1106 quaecunque
1287 1057 1452 1105 corporis
1496 1055 1648 1096 humani

58 1122 173 1165 partes
197 1116 337 1155 abeunt,

455 1230 486 1272 §.
521 1225 598 1265 IX.
663 1225 816 1264 Habitus
845 1235 1042 1264 nervorum
1075 1223 1120 1267 ἐφ’
1152 1224 1250 1262 Iocus,

117 1334 155 1371 ln
181 1334 387 1373 universum
412 1337 513 1373 nervi
538 1347 584 1372 ex
617 1335 674 1374 sua
708 1336 745 1372 in
773 1334 995 1385 encephalo‚
1043 1340 1104 1372 aut
1130 1334 1254 1384 spinali
1286 1333 1470 1376 meduHass
1501 1335 1644 1385 origine

56 1393 102 1431 'ad
130 1393 215 1430 fines
246 1393 326 1431 suos
359 1393 507 1432 ultimos
542 1394 620 1431 satis
647 1392 753 1431 fimili
780 1395 895 1431 modo
944 1393 1131 1434 feruntur,
1181 1396 1235 1431 uti
1274 1394 1422 1442 quidem
1453 1393 1554 1439 vasa3
1603 1402 1644 1432 ut

57 1463 190 1502 nempe
212 1459 363 1490 truncus
395 1454 510 1499 major
540 1451 580 1488 fit
612 1452 656 1489 ad
688 1452 933 1501 encephalon‚
976 1450 1061 1488 inde
1088 1462 1201 1500 porro
1235 1454 1345 1495 rami,
1386 1463 1644 1502 ramorumque

55 1512 145 1550 rami
167 1511 372 1553 discedant,
417 1512 609 1559 truncique
633 1511 848 1558 magnitudo
879 1523 898 1547 a
926 1509 1175 1547 secedentibus
1199 1511 1305 1547 ramis
1331 1513 1527 1548 minuatur.

113 1569 204 1608 Sunt
238 1576 383 1611 tamen,
431 1571 467 1606 in
497 1567 629 1618 quibus
651 1581 780 1606 nervus
811 1570 854 1606 ab
885 1570 1034 1611 arteria,
1070 1578 1131 1605 aut
1154 1581 1172 1605 a
1203 1581 1313 1611 vena,
1359 1568 1524 1606 dissentit.
1578 1570 1643 1608 Ar-

54 1629 139 1666 teria
169 1627 213 1666 ad
235 1640 317 1669 cor,
348 1627 422 1665 fere
447 1629 581 1677 absque
609 1629 792 1665 contrario
819 1627 988 1676 exemplo
1004 1655 1014 1670 ,
1043 1629 1196 1664 maxima
1213 1656 1222 1670 ‚
1254 1628 1298 1665 ad
1322 1627 1409 1665 fines
1431 1627 1511 1665 suos
1535 1630 1642 1666 mini-

52 1699 110 1724 ma
140 1687 201 1724 est.
263 1686 352 1724 Non
375 1688 421 1724 ita
446 1688 557 1724 nervi.
625 1687 718 1725 Cum
761 1689 856 1724 enim
891 1687 980 1735 saepe
1015 1686 1089 1724 duo
1123 1688 1158 1723 in
1198 1699 1311 1724 unum
1351 1694 1525 1725 truncum
1552 1694 1643 1726 con-'

51 1744 186 1787 fluant,
209 1747 360 1783 minime
372 1757 488 1783 rarum
502 1746 570 1788 est,
593 1757 746 1783 nervum
763 1746 884 1784 eundo
901 1744 1222 1795 grandescereffit*
1237 1747 1267 1791 ).
1304 1745 1542 1783 Intercostalis
1558 1759 1640 1785 ner-

51 1815 116 1842 vus
147 1805 194 1854 &¹
212 1804 255 1841 ad
285 1805 444 1852 origines
474 1805 548 1842 suas
594 1816 638 1841 ex
682 1806 877 1843 cruralibus
908 1805 1051 1847 nervis,
1095 1804 1130 1841 ὃς
1162 1805 1203 1840 ad
1233 1817 1312 1846 eas,
1352 1804 1482 1853 quibus
1503 1807 1639 1853 aquin-

52 1869 110 1905 to,
158 1863 194 1900 δε
231 1863 332 1900 sexto
355 1875 462 1911 pare,
513 1865 706 1912 provenit,
750 1866 946 1906 minimus,
1005 1862 1122 1900 multo
1161 1863 1302 1900 crassior
1332 1864 1369 1901 in
1406 1863 1552 1900 thorace
1574 1865 1632 1901 est.

50 1920 195 1958 Nervus
221 1919 432 1960 accessorius
473 1933 518 1959 ex
551 1923 627 1959 imo
652 1921 751 1959 collo
779 1922 937 1972 capillati
975 1921 1170 1969 gracilitate
1192 1929 1295 1963 natus
1316 1919 1416 1973 (y),
1470 1922 1514 1960 ad
1537 1922 1635 1962 suam

51 1991 135 2018 cum
158 1991 273 2018 nervo
303 1981 417 2019 ostavi
442 1983 535 2031 paris
566 1980 862 2030 conjunctionem
886 1980 1094 2030 grandescit,

858 2088 885 2126 B
899 2091 922 2126 'n
992 2100 1010 2134 3
1564 2090 1635 2130 Sed

176 2250 240 2314 tlh.
231 2248 278 2280 87·

157 2324 169 2360 )
194 2323 344 2354 Monnoo
365 2333 392 2363 p.
410 2331 474 2361 ³95·

180 2363 330 2392 ΡιΝειιι
355 2366 525 2404 cla-podagra.
549 2375 578 2406 p
582 2363 664 2406 163

172 2405 286 2437 Ascua
320 2404 478 2446 fig.1.2.·

84 2242 101 2441 ΛΑΑΑΑ

139 2365 155 2442 νυ
130 2241 156 2337 ’.μυ

114 2247 127 2271 t

110 2293 130 2311 u

110 2323 145 2351 u*

113 2373 134 2392 x

104 2413 127 2441 3
