<?xml version="1.0" encoding="UTF-8"?>
<!DOCTYPE html PUBLIC "-//W3C//DTD XHTML 1.0 Transitional//EN"
    "http://www.w3.org/TR/xhtml1/DTD/xhtml1-transitional.dtd">
<html xmlns="http://www.w3.org/1999/xhtml" xml:lang="en" lang="en">
 <head>
  <title>
</title>
<meta http-equiv="Content-Type" content="text/html;charset=utf-8" />
  <meta name='ocr-system' content='tesseract 3.04.00' />
  <meta name='ocr-capabilities' content='ocr_page ocr_carea ocr_par ocr_line ocrx_word'/>
</head>
<body>
  <div class='ocr_page' id='page_1' title='image "./elementaphysiolo04hall_0502.png"; bbox 0 0 1885 2650; ppageno 0'>
   <div class='ocr_carea' id='block_1_1' title="bbox 217 100 1501 152">
    <p class='ocr_par' dir='ltr' id='par_1_1' title="bbox 217 100 1501 152">
     <span class='ocr_line' id='line_1_1' title="bbox 217 100 1501 152; baseline -0.002 -9"><span class='ocrx_word' id='word_1_1' title='bbox 217 111 300 152; x_wconf 82' lang='lat'>482</span> <span class='ocrx_word' id='word_1_2' title='bbox 523 101 649 142; x_wconf 86' lang='lat' dir='ltr'><em>LIB.</em></span> <span class='ocrx_word' id='word_1_3' title='bbox 701 100 778 140; x_wconf 87' lang='lat' dir='ltr'>XI.</span> <span class='ocrx_word' id='word_1_4' title='bbox 859 100 1097 143; x_wconf 90' lang='lat' dir='ltr'>MOTUS</span> <span class='ocrx_word' id='word_1_5' title='bbox 1144 101 1501 143; x_wconf 87' lang='lat' dir='ltr'><strong>ANIMALIS.</strong></span> 
     </span>
    </p>
   </div>
   <div class='ocr_carea' id='block_1_2' title="bbox 220 196 1862 2122">
    <p class='ocr_par' dir='ltr' id='par_1_2' title="bbox 220 196 1862 1125">
     <span class='ocr_line' id='line_1_2' title="bbox 278 196 1797 248; baseline 0.001 -12"><span class='ocrx_word' id='word_1_6' title='bbox 278 197 448 236; x_wconf 84' lang='lat' dir='ltr'>Hominis</span> <span class='ocrx_word' id='word_1_7' title='bbox 493 198 650 235; x_wconf 76' lang='lat' dir='ltr'>celeritas</span> <span class='ocrx_word' id='word_1_8' title='bbox 684 197 808 235; x_wconf 86' lang='lat' dir='ltr'>eadem</span> <span class='ocrx_word' id='word_1_9' title='bbox 839 198 887 235; x_wconf 87' lang='lat' dir='ltr'>est</span> <span class='ocrx_word' id='word_1_10' title='bbox 906 196 991 248; x_wconf 85' lang='lat' dir='ltr'><em>(l).</em></span> <span class='ocrx_word' id='word_1_11' title='bbox 1060 196 1228 237; x_wconf 85' lang='lat' dir='ltr'>Cursores</span> <span class='ocrx_word' id='word_1_12' title='bbox 1260 198 1364 248; x_wconf 84' lang='lat' dir='ltr'>persae</span> <span class='ocrx_word' id='word_1_13' title='bbox 1388 205 1448 242; x_wconf 84' lang='lat'>36.</span> <span class='ocrx_word' id='word_1_14' title='bbox 1489 197 1606 235; x_wconf 84' lang='lat' dir='ltr'>leucas</span> <span class='ocrx_word' id='word_1_15' title='bbox 1631 198 1667 235; x_wconf 92' lang='lat' dir='ltr'>in</span> <span class='ocrx_word' id='word_1_16' title='bbox 1687 198 1797 237; x_wconf 88' lang='lat' dir='ltr'>unico</span> 
     </span>
     <span class='ocr_line' id='line_1_3' title="bbox 221 256 1862 311; baseline 0 -16"><span class='ocrx_word' id='word_1_17' title='bbox 221 258 279 295; x_wconf 88' lang='lat' dir='ltr'>die</span> <span class='ocrx_word' id='word_1_18' title='bbox 320 265 562 305; x_wconf 79' lang='lat' dir='ltr'>percurrunt3</span> <span class='ocrx_word' id='word_1_19' title='bbox 607 265 756 294; x_wconf 82' lang='lat' dir='ltr'>currunt</span> <span class='ocrx_word' id='word_1_20' title='bbox 789 267 908 295; x_wconf 90' lang='lat' dir='ltr'>autem</span> <span class='ocrx_word' id='word_1_21' title='bbox 937 258 1036 294; x_wconf 88' lang='lat' dir='ltr'>horis</span> <span class='ocrx_word' id='word_1_22' title='bbox 1075 257 1294 300; x_wconf 86' lang='lat' dir='ltr'>duodecim,</span> <span class='ocrx_word' id='word_1_23' title='bbox 1349 257 1418 294; x_wconf 88' lang='lat' dir='ltr'>five</span> <span class='ocrx_word' id='word_1_24' title='bbox 1451 256 1611 294; x_wconf 86' lang='lat' dir='ltr'>secundis</span> <span class='ocrx_word' id='word_1_25' title='bbox 1648 259 1796 295; x_wconf 86' lang='lat' dir='ltr'>minutis</span> <span class='ocrx_word' id='word_1_26' title='bbox 1854 305 1862 311; x_wconf 20' lang='grc' dir='ltr'>κ</span> 
     </span>
     <span class='ocr_line' id='line_1_4' title="bbox 222 314 1799 365; baseline 0.002 -14"><span class='ocrx_word' id='word_1_27' title='bbox 222 326 375 361; x_wconf 78' lang='lat'><strong>43200.</strong></span> <span class='ocrx_word' id='word_1_28' title='bbox 451 315 535 352; x_wconf 78' lang='lat' dir='ltr'>Erit</span> <span class='ocrx_word' id='word_1_29' title='bbox 569 314 639 352; x_wconf 88' lang='lat' dir='ltr'>-iter</span> <span class='ocrx_word' id='word_1_30' title='bbox 672 327 829 358; x_wconf 87' lang='lat' dir='ltr'>eorum,</span> <span class='ocrx_word' id='word_1_31' title='bbox 877 316 995 363; x_wconf 79' lang='lat' dir='ltr'>politis</span> <span class='ocrx_word' id='word_1_32' title='bbox 1035 316 1185 364; x_wconf 87' lang='lat' dir='ltr'>pedibus</span> <span class='ocrx_word' id='word_1_33' title='bbox 1221 318 1257 353; x_wconf 89' lang='lat' dir='ltr'>in</span> <span class='ocrx_word' id='word_1_34' title='bbox 1284 316 1384 354; x_wconf 86' lang='lat' dir='ltr'>leuca</span> <span class='ocrx_word' id='word_1_35' title='bbox 1418 325 1529 353; x_wconf 85' lang='lat'><em>2200</em></span> <span class='ocrx_word' id='word_1_36' title='bbox 1553 314 1717 365; x_wconf 86' lang='lat' dir='ltr'>paffuum</span> <span class='ocrx_word' id='word_1_37' title='bbox 1738 327 1799 365; x_wconf 88' lang='lat' dir='ltr'>pe-</span> 
     </span>
     <span class='ocr_line' id='line_1_5' title="bbox 225 374 1801 424; baseline 0.001 -13"><span class='ocrx_word' id='word_1_38' title='bbox 225 376 358 413; x_wconf 85' lang='lat' dir='ltr'>dumve</span> <span class='ocrx_word' id='word_1_39' title='bbox 383 384 529 416; x_wconf 81' lang='lat'>13200.</span> <span class='ocrx_word' id='word_1_40' title='bbox 557 375 592 410; x_wconf 89' lang='lat' dir='ltr'>in</span> <span class='ocrx_word' id='word_1_41' title='bbox 612 381 660 416; x_wconf 85' lang='lat'>36</span> <span class='ocrx_word' id='word_1_42' title='bbox 686 374 794 412; x_wconf 62' lang='lat' dir='ltr'>leucis</span> <span class='ocrx_word' id='word_1_43' title='bbox 819 375 952 422; x_wconf 87' lang='lat' dir='ltr'>pedum</span> <span class='ocrx_word' id='word_1_44' title='bbox 987 385 1168 420; x_wconf 82' lang='lat'><em>475200.</em></span> <span class='ocrx_word' id='word_1_45' title='bbox 1203 374 1355 424; x_wconf 85' lang='lat' dir='ltr'>percurfi</span> <span class='ocrx_word' id='word_1_46' title='bbox 1385 386 1473 422; x_wconf 84' lang='lat' dir='ltr'>ergo</span> <span class='ocrx_word' id='word_1_47' title='bbox 1506 376 1541 411; x_wconf 91' lang='lat' dir='ltr'>in</span> <span class='ocrx_word' id='word_1_48' title='bbox 1579 376 1721 412; x_wconf 87' lang='lat' dir='ltr'>minuto</span> <span class='ocrx_word' id='word_1_49' title='bbox 1751 375 1801 412; x_wconf 91' lang='lat' dir='ltr'>se-</span> 
     </span>
     <span class='ocr_line' id='line_1_6' title="bbox 225 433 1799 482; baseline 0 -12"><span class='ocrx_word' id='word_1_50' title='bbox 225 433 348 470; x_wconf 87' lang='lat' dir='ltr'>cundo</span> <span class='ocrx_word' id='word_1_51' title='bbox 384 433 491 481; x_wconf 81' lang='lat' dir='ltr'>pedes</span> <span class='ocrx_word' id='word_1_52' title='bbox 517 444 526 467; x_wconf 83' lang='grc' dir='ltr'><strong>ι</strong></span> <span class='ocrx_word' id='word_1_53' title='bbox 548 444 573 469; x_wconf 90' lang='grc' dir='ltr'>ι.</span> <span class='ocrx_word' id='word_1_54' title='bbox 600 435 661 481; x_wconf 86' lang='lat' dir='ltr'>qui</span> <span class='ocrx_word' id='word_1_55' title='bbox 683 434 719 469; x_wconf 87' lang='lat' dir='ltr'>in</span> <span class='ocrx_word' id='word_1_56' title='bbox 747 434 900 470; x_wconf 86' lang='lat' dir='ltr'>homine</span> <span class='ocrx_word' id='word_1_57' title='bbox 930 434 1055 470; x_wconf 81' lang='lat' dir='ltr'>mediae</span> <span class='ocrx_word' id='word_1_58' title='bbox 1088 434 1222 473; x_wconf 81' lang='lat' dir='ltr'>staturae</span> <span class='ocrx_word' id='word_1_59' title='bbox 1241 462 1249 475; x_wconf 95' lang='lat'>‚</span> <span class='ocrx_word' id='word_1_60' title='bbox 1294 436 1348 482; x_wconf 50' lang='lat'>53.</span> <span class='ocrx_word' id='word_1_61' title='bbox 1370 433 1525 482; x_wconf 87' lang='lat' dir='ltr'>pedum,</span> <span class='ocrx_word' id='word_1_62' title='bbox 1563 433 1696 470; x_wconf 86' lang='lat' dir='ltr'>faciunt</span> <span class='ocrx_word' id='word_1_63' title='bbox 1725 433 1799 481; x_wconf 85' lang='lat' dir='ltr'>pas-</span> 
     </span>
     <span class='ocr_line' id='line_1_7' title="bbox 222 491 1794 543; baseline 0.001 -15"><span class='ocrx_word' id='word_1_64' title='bbox 222 492 277 529; x_wconf 88' lang='lat' dir='ltr'>sus</span> <span class='ocrx_word' id='word_1_65' title='bbox 302 491 360 543; x_wconf 63' lang='lat'>4}</span> <span class='ocrx_word' id='word_1_66' title='bbox 400 493 434 527; x_wconf 90' lang='lat' dir='ltr'>in</span> <span class='ocrx_word' id='word_1_67' title='bbox 463 492 604 529; x_wconf 88' lang='lat' dir='ltr'>minuto</span> <span class='ocrx_word' id='word_1_68' title='bbox 633 491 811 534; x_wconf 88' lang='lat' dir='ltr'>secundo,</span> <span class='ocrx_word' id='word_1_69' title='bbox 844 491 912 528; x_wconf 84' lang='lat' dir='ltr'>live</span> <span class='ocrx_word' id='word_1_70' title='bbox 942 491 1074 540; x_wconf 83' lang='lat' dir='ltr'>paffum</span> <span class='ocrx_word' id='word_1_71' title='bbox 1097 504 1208 530; x_wconf 90' lang='lat' dir='ltr'>unum</span> <span class='ocrx_word' id='word_1_72' title='bbox 1240 493 1277 529; x_wconf 88' lang='lat' dir='ltr'>in</span> <span class='ocrx_word' id='word_1_73' title='bbox 1318 503 1377 536; x_wconf 88' lang='lat'>14.</span> <span class='ocrx_word' id='word_1_74' title='bbox 1413 491 1486 528; x_wconf 89' lang='lat' dir='ltr'>fere</span> <span class='ocrx_word' id='word_1_75' title='bbox 1516 493 1626 529; x_wconf 89' lang='lat' dir='ltr'>tertiis</span> <span class='ocrx_word' id='word_1_76' title='bbox 1654 492 1794 530; x_wconf 89' lang='lat' dir='ltr'>absolu-</span> 
     </span>
     <span class='ocr_line' id='line_1_8' title="bbox 220 548 1799 599; baseline 0 -11"><span class='ocrx_word' id='word_1_77' title='bbox 220 560 312 588; x_wconf 85' lang='lat' dir='ltr'>tum.</span> <span class='ocrx_word' id='word_1_78' title='bbox 405 548 539 587; x_wconf 89' lang='lat' dir='ltr'>Eorum</span> <span class='ocrx_word' id='word_1_79' title='bbox 585 549 744 599; x_wconf 83' lang='lat' dir='ltr'>paffuum</span> <span class='ocrx_word' id='word_1_80' title='bbox 780 548 930 599; x_wconf 83' lang='lat' dir='ltr'>quilibet</span> <span class='ocrx_word' id='word_1_81' title='bbox 965 551 1112 599; x_wconf 80' lang='lat' dir='ltr'>requirit</span> <span class='ocrx_word' id='word_1_82' title='bbox 1166 550 1266 599; x_wconf 88' lang='lat' dir='ltr'>pedis</span> <span class='ocrx_word' id='word_1_83' title='bbox 1306 551 1569 593; x_wconf 82' lang='lat' dir='ltr'>elevationem,</span> <span class='ocrx_word' id='word_1_84' title='bbox 1625 550 1799 599; x_wconf 67' lang='lat' dir='ltr'>perastam</span> 
     </span>
     <span class='ocr_line' id='line_1_9' title="bbox 222 607 1799 658; baseline -0.001 -12"><span class='ocrx_word' id='word_1_85' title='bbox 222 621 240 646; x_wconf 88' lang='lat' dir='ltr'>a</span> <span class='ocrx_word' id='word_1_86' title='bbox 264 607 425 646; x_wconf 86' lang='lat' dir='ltr'>musculo</span> <span class='ocrx_word' id='word_1_87' title='bbox 456 608 575 651; x_wconf 59' lang='lat' dir='ltr'>terto,</span> <span class='ocrx_word' id='word_1_88' title='bbox 614 609 648 645; x_wconf 87' lang='lat'>&amp;</span> <span class='ocrx_word' id='word_1_89' title='bbox 673 608 1029 656; x_wconf 84' lang='lat' dir='ltr'>transportationem,</span> <span class='ocrx_word' id='word_1_90' title='bbox 1057 612 1100 646; x_wconf 89' lang='lat' dir='ltr'>ab</span> <span class='ocrx_word' id='word_1_91' title='bbox 1126 610 1256 646; x_wconf 87' lang='lat' dir='ltr'>eodem</span> <span class='ocrx_word' id='word_1_92' title='bbox 1286 609 1449 646; x_wconf 88' lang='lat' dir='ltr'>musculo</span> <span class='ocrx_word' id='word_1_93' title='bbox 1474 609 1598 646; x_wconf 64' lang='lat' dir='ltr'>fastam</span> <span class='ocrx_word' id='word_1_94' title='bbox 1627 607 1704 658; x_wconf 93' lang='lat' dir='ltr'>[ut</span> <span class='ocrx_word' id='word_1_95' title='bbox 1719 608 1799 646; x_wconf 85' lang='lat' dir='ltr'>fim-</span> 
     </span>
     <span class='ocr_line' id='line_1_10' title="bbox 221 663 1800 717; baseline 0.001 -14"><span class='ocrx_word' id='word_1_96' title='bbox 221 665 331 717; x_wconf 85' lang='lat' dir='ltr'>plices</span> <span class='ocrx_word' id='word_1_97' title='bbox 372 663 515 716; x_wconf 88' lang='lat' dir='ltr'>fimus]</span> <span class='ocrx_word' id='word_1_98' title='bbox 567 667 812 704; x_wconf 65' lang='lat' dir='ltr'>dimission-:rrn</span> <span class='ocrx_word' id='word_1_99' title='bbox 855 668 890 704; x_wconf 68' lang='grc' dir='ltr'>δι</span> <span class='ocrx_word' id='word_1_100' title='bbox 919 667 1174 716; x_wconf 84' lang='lat' dir='ltr'>repofitiouem</span> <span class='ocrx_word' id='word_1_101' title='bbox 1214 670 1250 706; x_wconf 88' lang='lat' dir='ltr'>in</span> <span class='ocrx_word' id='word_1_102' title='bbox 1296 675 1446 710; x_wconf 89' lang='lat' dir='ltr'>terram,</span> <span class='ocrx_word' id='word_1_103' title='bbox 1489 668 1525 704; x_wconf 89' lang='lat'>&amp;</span> <span class='ocrx_word' id='word_1_104' title='bbox 1558 666 1800 705; x_wconf 87' lang='lat' dir='ltr'>firmationem</span> 
     </span>
     <span class='ocr_line' id='line_1_11' title="bbox 223 724 1802 778; baseline 0.001 -16"><span class='ocrx_word' id='word_1_105' title='bbox 223 733 349 762; x_wconf 80' lang='lat' dir='ltr'>contra</span> <span class='ocrx_word' id='word_1_106' title='bbox 370 732 496 762; x_wconf 85' lang='lat' dir='ltr'>terram</span> <span class='ocrx_word' id='word_1_107' title='bbox 517 753 526 767; x_wconf 90' lang='lat'>,</span> <span class='ocrx_word' id='word_1_108' title='bbox 565 737 644 773; x_wconf 85' lang='lat' dir='ltr'>quae</span> <span class='ocrx_word' id='word_1_109' title='bbox 677 727 834 774; x_wconf 79' lang='lat' dir='ltr'>proximi</span> <span class='ocrx_word' id='word_1_110' title='bbox 870 725 982 778; x_wconf 77' lang='lat' dir='ltr'>passus</span> <span class='ocrx_word' id='word_1_111' title='bbox 1014 726 1053 763; x_wconf 86' lang='lat' dir='ltr'>fit</span> <span class='ocrx_word' id='word_1_112' title='bbox 1076 726 1169 776; x_wconf 88' lang='lat' dir='ltr'>quafi</span> <span class='ocrx_word' id='word_1_113' title='bbox 1199 727 1485 765; x_wconf 83' lang='lat' dir='ltr'>fundamentum.</span> <span class='ocrx_word' id='word_1_114' title='bbox 1551 724 1678 763; x_wconf 86' lang='lat' dir='ltr'>Earum</span> <span class='ocrx_word' id='word_1_115' title='bbox 1716 738 1802 775; x_wconf 88' lang='lat' dir='ltr'>qua-</span> 
     </span>
     <span class='ocr_line' id='line_1_12' title="bbox 224 784 1798 834; baseline 0.002 -13"><span class='ocrx_word' id='word_1_116' title='bbox 224 792 308 821; x_wconf 83' lang='lat' dir='ltr'>tuor</span> <span class='ocrx_word' id='word_1_117' title='bbox 346 785 498 832; x_wconf 82' lang='lat' dir='ltr'>partium</span> <span class='ocrx_word' id='word_1_118' title='bbox 526 786 699 833; x_wconf 91' lang='lat' dir='ltr'>ponimus</span> <span class='ocrx_word' id='word_1_119' title='bbox 731 784 1066 834; x_wconf 80' lang='lat' dir='ltr'>transportationem</span> <span class='ocrx_word' id='word_1_120' title='bbox 1101 785 1247 834; x_wconf 85' lang='lat' dir='ltr'>duplam</span> <span class='ocrx_word' id='word_1_121' title='bbox 1276 784 1341 822; x_wconf 83' lang='lat' dir='ltr'>effe</span> <span class='ocrx_word' id='word_1_122' title='bbox 1375 784 1540 833; x_wconf 85' lang='lat' dir='ltr'>simplicis</span> <span class='ocrx_word' id='word_1_123' title='bbox 1567 784 1798 824; x_wconf 84' lang='lat' dir='ltr'>elevationis:</span> 
     </span>
     <span class='ocr_line' id='line_1_13' title="bbox 229 842 1804 894; baseline 0 -14"><span class='ocrx_word' id='word_1_124' title='bbox 229 849 334 880; x_wconf 90' lang='lat' dir='ltr'>erunt</span> <span class='ocrx_word' id='word_1_125' title='bbox 365 842 524 884; x_wconf 84' lang='lat' dir='ltr'>musculi,</span> <span class='ocrx_word' id='word_1_126' title='bbox 553 854 664 891; x_wconf 87' lang='lat' dir='ltr'>quem</span> <span class='ocrx_word' id='word_1_127' title='bbox 698 843 854 880; x_wconf 84' lang='lat' dir='ltr'>diximus</span> <span class='ocrx_word' id='word_1_128' title='bbox 874 871 884 885; x_wconf 93' lang='lat'>‚</span> <span class='ocrx_word' id='word_1_129' title='bbox 927 844 1208 887; x_wconf 61' lang='lat' dir='ltr'>contractiones,</span> <span class='ocrx_word' id='word_1_130' title='bbox 1248 856 1327 894; x_wconf 83' lang='lat' dir='ltr'>quae</span> <span class='ocrx_word' id='word_1_131' title='bbox 1351 844 1479 893; x_wconf 89' lang='lat' dir='ltr'>pedem</span> <span class='ocrx_word' id='word_1_132' title='bbox 1502 842 1650 887; x_wconf 84' lang='lat' dir='ltr'>elevant,</span> <span class='ocrx_word' id='word_1_133' title='bbox 1682 846 1719 881; x_wconf 91' lang='lat' dir='ltr'>in</span> <span class='ocrx_word' id='word_1_134' title='bbox 1737 845 1804 881; x_wconf 82' lang='lat' dir='ltr'>mi-</span> 
     </span>
     <span class='ocr_line' id='line_1_14' title="bbox 231 901 1803 950; baseline 0 -11"><span class='ocrx_word' id='word_1_135' title='bbox 231 908 323 939; x_wconf 90' lang='lat' dir='ltr'>nuto</span> <span class='ocrx_word' id='word_1_136' title='bbox 335 901 491 938; x_wconf 90' lang='lat' dir='ltr'>secundo</span> <span class='ocrx_word' id='word_1_137' title='bbox 507 912 571 945; x_wconf 91' lang='lat'>70.</span> <span class='ocrx_word' id='word_1_138' title='bbox 590 929 600 943; x_wconf 93' lang='lat'>,</span> <span class='ocrx_word' id='word_1_139' title='bbox 643 901 859 938; x_wconf 82' lang='lat' dir='ltr'>dimiffiones</span> <span class='ocrx_word' id='word_1_140' title='bbox 875 902 1007 950; x_wconf 85' lang='lat' dir='ltr'>pedum</span> <span class='ocrx_word' id='word_1_141' title='bbox 1021 902 1251 940; x_wconf 80' lang='lat' dir='ltr'>tantundem:</span> <span class='ocrx_word' id='word_1_142' title='bbox 1280 902 1497 940; x_wconf 86' lang='lat' dir='ltr'>firmationes</span> <span class='ocrx_word' id='word_1_143' title='bbox 1509 901 1675 945; x_wconf 85' lang='lat' dir='ltr'>totidem,</span> <span class='ocrx_word' id='word_1_144' title='bbox 1695 902 1803 940; x_wconf 84' lang='lat' dir='ltr'>trans-</span> 
     </span>
     <span class='ocr_line' id='line_1_15' title="bbox 228 960 1800 1010; baseline 0.003 -15"><span class='ocrx_word' id='word_1_145' title='bbox 228 961 455 1008; x_wconf 89' lang='lat' dir='ltr'>portationes</span> <span class='ocrx_word' id='word_1_146' title='bbox 472 960 619 996; x_wconf 88' lang='lat' dir='ltr'>demum</span> <span class='ocrx_word' id='word_1_147' title='bbox 643 970 703 1004; x_wconf 84' lang='lat'>35.</span> <span class='ocrx_word' id='word_1_148' title='bbox 725 971 732 997; x_wconf 92' lang='lat'>:</span> <span class='ocrx_word' id='word_1_149' title='bbox 770 961 805 998; x_wconf 86' lang='lat'>&amp;</span> <span class='ocrx_word' id='word_1_150' title='bbox 830 961 1061 998; x_wconf 80' lang='lat' dir='ltr'>contrahetur</span> <span class='ocrx_word' id='word_1_151' title='bbox 1081 962 1192 999; x_wconf 64' lang='lat' dir='ltr'>rectus</span> <span class='ocrx_word' id='word_1_152' title='bbox 1215 963 1309 999; x_wconf 81' lang='lat' dir='ltr'>tibiae</span> <span class='ocrx_word' id='word_1_153' title='bbox 1331 961 1496 999; x_wconf 87' lang='lat' dir='ltr'>musculis</span> <span class='ocrx_word' id='word_1_154' title='bbox 1523 961 1613 998; x_wconf 91' lang='lat' dir='ltr'>intra</span> <span class='ocrx_word' id='word_1_155' title='bbox 1635 969 1773 1010; x_wconf 89' lang='lat' dir='ltr'>tempus</span> <span class='ocrx_word' id='word_1_156' title='bbox 1789 989 1800 1004; x_wconf 89' lang='lat'>,</span> 
     </span>
     <span class='ocr_line' id='line_1_16' title="bbox 226 1017 1804 1069; baseline 0.002 -15"><span class='ocrx_word' id='word_1_157' title='bbox 226 1018 327 1067; x_wconf 87' lang='lat' dir='ltr'>quod</span> <span class='ocrx_word' id='word_1_158' title='bbox 364 1017 405 1054; x_wconf 87' lang='lat' dir='ltr'>fit</span> <span class='ocrx_word' id='word_1_159' title='bbox 425 1017 468 1055; x_wconf 89' lang='lat' dir='ltr'>ad</span> <span class='ocrx_word' id='word_1_160' title='bbox 503 1025 622 1055; x_wconf 89' lang='lat' dir='ltr'>totum</span> <span class='ocrx_word' id='word_1_161' title='bbox 660 1020 765 1056; x_wconf 88' lang='lat' dir='ltr'>unius</span> <span class='ocrx_word' id='word_1_162' title='bbox 798 1017 911 1068; x_wconf 78' lang='lat' dir='ltr'>passus</span> <span class='ocrx_word' id='word_1_163' title='bbox 942 1027 1109 1069; x_wconf 81' lang='lat' dir='ltr'>tempuS,</span> <span class='ocrx_word' id='word_1_164' title='bbox 1146 1022 1197 1058; x_wconf 89' lang='lat' dir='ltr'>uti</span> <span class='ocrx_word' id='word_1_165' title='bbox 1230 1032 1245 1056; x_wconf 87' lang='lat'>1</span> <span class='ocrx_word' id='word_1_166' title='bbox 1284 1019 1327 1057; x_wconf 86' lang='lat' dir='ltr'>ad</span> <span class='ocrx_word' id='word_1_167' title='bbox 1351 1031 1383 1066; x_wconf 83' lang='lat'>5.</span> <span class='ocrx_word' id='word_1_168' title='bbox 1414 1030 1546 1068; x_wconf 86' lang='lat' dir='ltr'>nempe</span> <span class='ocrx_word' id='word_1_169' title='bbox 1578 1019 1687 1068; x_wconf 89' lang='lat' dir='ltr'>paulo</span> <span class='ocrx_word' id='word_1_170' title='bbox 1713 1019 1804 1057; x_wconf 86' lang='lat' dir='ltr'>cele-</span> 
     </span>
     <span class='ocr_line' id='line_1_17' title="bbox 226 1078 1696 1125; baseline 0 -11"><span class='ocrx_word' id='word_1_171' title='bbox 226 1078 318 1118; x_wconf 79' lang='lat' dir='ltr'>rius,</span> <span class='ocrx_word' id='word_1_172' title='bbox 354 1088 462 1125; x_wconf 85' lang='lat' dir='ltr'>quam</span> <span class='ocrx_word' id='word_1_173' title='bbox 489 1078 579 1113; x_wconf 87' lang='lat' dir='ltr'>intra</span> <span class='ocrx_word' id='word_1_174' title='bbox 606 1078 754 1113; x_wconf 78' lang='lat' dir='ltr'>tertiam.</span> <span class='ocrx_word' id='word_1_175' title='bbox 1693 1081 1696 1083; x_wconf 85' lang='grc'><strong>’</strong></span> 
     </span>
    </p>

    <p class='ocr_par' dir='ltr' id='par_1_3' title="bbox 227 1134 1808 1768">
     <span class='ocr_line' id='line_1_18' title="bbox 327 1134 1805 1184; baseline 0.001 -14"><span class='ocrx_word' id='word_1_176' title='bbox 327 1146 476 1177; x_wconf 87' lang='lat' dir='ltr'>emum,</span> <span class='ocrx_word' id='word_1_177' title='bbox 507 1134 531 1170; x_wconf 86' lang='lat' dir='ltr'><strong>fi</strong></span> <span class='ocrx_word' id='word_1_178' title='bbox 572 1147 695 1171; x_wconf 87' lang='lat' dir='ltr'>verum</span> <span class='ocrx_word' id='word_1_179' title='bbox 724 1135 796 1177; x_wconf 89' lang='lat' dir='ltr'>est,</span> <span class='ocrx_word' id='word_1_180' title='bbox 831 1147 906 1172; x_wconf 90' lang='lat' dir='ltr'>uno</span> <span class='ocrx_word' id='word_1_181' title='bbox 934 1135 992 1172; x_wconf 88' lang='lat' dir='ltr'>die</span> <span class='ocrx_word' id='word_1_182' title='bbox 1048 1135 1288 1184; x_wconf 83' lang='lat' dir='ltr'>Philippidem</span> <span class='ocrx_word' id='word_1_183' title='bbox 1323 1145 1457 1180; x_wconf 82' lang='lat'>1140,</span> <span class='ocrx_word' id='word_1_184' title='bbox 1511 1136 1547 1173; x_wconf 70' lang='grc' dir='ltr'>ἃ</span> <span class='ocrx_word' id='word_1_185' title='bbox 1575 1135 1805 1173; x_wconf 85' lang='lat' dir='ltr'>Philonidem</span> 
     </span>
     <span class='ocr_line' id='line_1_19' title="bbox 227 1192 1803 1245; baseline 0 -14"><span class='ocrx_word' id='word_1_186' title='bbox 227 1192 428 1242; x_wconf 87' lang='lat' dir='ltr'>Amystium</span> <span class='ocrx_word' id='word_1_187' title='bbox 459 1202 576 1229; x_wconf 88' lang='lat'>1200.</span> <span class='ocrx_word' id='word_1_188' title='bbox 617 1192 723 1230; x_wconf 83' lang='lat' dir='ltr'>stadia</span> <span class='ocrx_word' id='word_1_189' title='bbox 758 1193 859 1232; x_wconf 89' lang='lat' dir='ltr'>cursu</span> <span class='ocrx_word' id='word_1_190' title='bbox 893 1193 1096 1236; x_wconf 79' lang='lat' dir='ltr'>absolvisse,</span> <span class='ocrx_word' id='word_1_191' title='bbox 1138 1194 1162 1231; x_wconf 90' lang='lat' dir='ltr'><strong>fi</strong></span> <span class='ocrx_word' id='word_1_192' title='bbox 1204 1194 1354 1232; x_wconf 83' lang='lat' dir='ltr'>stadium</span> <span class='ocrx_word' id='word_1_193' title='bbox 1398 1194 1504 1232; x_wconf 89' lang='lat' dir='ltr'>fuerit</span> <span class='ocrx_word' id='word_1_194' title='bbox 1544 1195 1678 1245; x_wconf 88' lang='lat' dir='ltr'>pedum</span> <span class='ocrx_word' id='word_1_195' title='bbox 1709 1200 1803 1231; x_wconf 85' lang='lat'>600.</span> 
     </span>
     <span class='ocr_line' id='line_1_20' title="bbox 228 1251 1807 1302; baseline 0 -13"><span class='ocrx_word' id='word_1_196' title='bbox 228 1254 294 1289; x_wconf 87' lang='lat' dir='ltr'>iter</span> <span class='ocrx_word' id='word_1_197' title='bbox 326 1251 526 1289; x_wconf 87' lang='lat' dir='ltr'>absolutum</span> <span class='ocrx_word' id='word_1_198' title='bbox 554 1253 619 1289; x_wconf 90' lang='lat' dir='ltr'>erit</span> <span class='ocrx_word' id='word_1_199' title='bbox 647 1262 742 1300; x_wconf 85' lang='lat'>720,</span> <span class='ocrx_word' id='word_1_200' title='bbox 789 1264 880 1289; x_wconf 89' lang='lat'><em>000.</em></span> <span class='ocrx_word' id='word_1_201' title='bbox 936 1254 970 1289; x_wconf 84' lang='lat'>&amp;</span> <span class='ocrx_word' id='word_1_202' title='bbox 1001 1266 1062 1302; x_wconf 90' lang='lat' dir='ltr'>per</span> <span class='ocrx_word' id='word_1_203' title='bbox 1101 1254 1248 1295; x_wconf 86' lang='lat' dir='ltr'>eadem,</span> <span class='ocrx_word' id='word_1_204' title='bbox 1299 1253 1382 1290; x_wconf 64' lang='lat' dir='ltr'>resti</span> <span class='ocrx_word' id='word_1_205' title='bbox 1433 1252 1580 1290; x_wconf 85' lang='lat' dir='ltr'>musculi</span> <span class='ocrx_word' id='word_1_206' title='bbox 1609 1253 1807 1291; x_wconf 59' lang='lat' dir='ltr'>contractio</span> 
     </span>
     <span class='ocr_line' id='line_1_21' title="bbox 229 1309 1804 1363; baseline 0 -15"><span class='ocrx_word' id='word_1_207' title='bbox 229 1309 390 1348; x_wconf 80' lang='lat' dir='ltr'>absoluta</span> <span class='ocrx_word' id='word_1_208' title='bbox 424 1311 513 1347; x_wconf 86' lang='lat' dir='ltr'>intra</span> <span class='ocrx_word' id='word_1_209' title='bbox 545 1309 734 1347; x_wconf 86' lang='lat' dir='ltr'>dimidium</span> <span class='ocrx_word' id='word_1_210' title='bbox 762 1310 835 1348; x_wconf 88' lang='lat' dir='ltr'>fere</span> <span class='ocrx_word' id='word_1_211' title='bbox 861 1313 1032 1361; x_wconf 88' lang='lat' dir='ltr'>temporis</span> <span class='ocrx_word' id='word_1_212' title='bbox 1094 1311 1243 1360; x_wconf 84' lang='lat' dir='ltr'>spatium</span> <span class='ocrx_word' id='word_1_213' title='bbox 1289 1310 1358 1349; x_wconf 89' lang='lat' dir='ltr'>five</span> <span class='ocrx_word' id='word_1_214' title='bbox 1385 1311 1451 1363; x_wconf 55' lang='lat'>7243</span> <span class='ocrx_word' id='word_1_215' title='bbox 1484 1313 1613 1349; x_wconf 90' lang='lat' dir='ltr'>minuti</span> <span class='ocrx_word' id='word_1_216' title='bbox 1648 1311 1804 1350; x_wconf 88' lang='lat' dir='ltr'>secundi.</span> 
     </span>
     <span class='ocr_line' id='line_1_22' title="bbox 230 1367 1807 1415; baseline 0.001 -9"><span class='ocrx_word' id='word_1_217' title='bbox 230 1367 356 1406; x_wconf 80' lang='lat' dir='ltr'>Multo</span> <span class='ocrx_word' id='word_1_218' title='bbox 384 1380 468 1405; x_wconf 90' lang='lat' dir='ltr'>vero</span> <span class='ocrx_word' id='word_1_219' title='bbox 503 1369 618 1415; x_wconf 76' lang='lat' dir='ltr'>major</span> <span class='ocrx_word' id='word_1_220' title='bbox 654 1368 720 1406; x_wconf 90' lang='lat' dir='ltr'>erit</span> <span class='ocrx_word' id='word_1_221' title='bbox 757 1370 940 1412; x_wconf 83' lang='lat' dir='ltr'>celeritas,</span> <span class='ocrx_word' id='word_1_222' title='bbox 996 1369 1021 1407; x_wconf 86' lang='lat' dir='ltr'><strong>fi</strong></span> <span class='ocrx_word' id='word_1_223' title='bbox 1054 1370 1350 1413; x_wconf 84' lang='lat' dir='ltr'>consideraveris,</span> <span class='ocrx_word' id='word_1_224' title='bbox 1399 1372 1509 1408; x_wconf 83' lang='lat' dir='ltr'>totius</span> <span class='ocrx_word' id='word_1_225' title='bbox 1541 1370 1610 1408; x_wconf 90' lang='lat' dir='ltr'>diei</span> <span class='ocrx_word' id='word_1_226' title='bbox 1644 1370 1807 1408; x_wconf 85' lang='lat' dir='ltr'>constan-</span> 
     </span>
     <span class='ocr_line' id='line_1_23' title="bbox 228 1427 1807 1478; baseline 0.001 -14"><span class='ocrx_word' id='word_1_227' title='bbox 228 1428 314 1464; x_wconf 79' lang='lat' dir='ltr'>tiam</span> <span class='ocrx_word' id='word_1_228' title='bbox 350 1427 505 1465; x_wconf 89' lang='lat' dir='ltr'>multum</span> <span class='ocrx_word' id='word_1_229' title='bbox 542 1427 684 1464; x_wconf 82' lang='lat' dir='ltr'>demere</span> <span class='ocrx_word' id='word_1_230' title='bbox 712 1428 913 1471; x_wconf 81' lang='lat' dir='ltr'>velocitati,</span> <span class='ocrx_word' id='word_1_231' title='bbox 948 1429 985 1466; x_wconf 88' lang='lat' dir='ltr'>iu</span> <span class='ocrx_word' id='word_1_232' title='bbox 1015 1441 1084 1478; x_wconf 88' lang='lat' dir='ltr'>qua</span> <span class='ocrx_word' id='word_1_233' title='bbox 1114 1440 1247 1478; x_wconf 81' lang='lat' dir='ltr'>paucos</span> <span class='ocrx_word' id='word_1_234' title='bbox 1281 1428 1383 1470; x_wconf 76' lang='lat' dir='ltr'>saltus</span> <span class='ocrx_word' id='word_1_235' title='bbox 1403 1428 1517 1466; x_wconf 89' lang='lat' dir='ltr'>homo</span> <span class='ocrx_word' id='word_1_236' title='bbox 1547 1429 1696 1472; x_wconf 86' lang='lat' dir='ltr'>faceret,</span> <span class='ocrx_word' id='word_1_237' title='bbox 1744 1441 1807 1466; x_wconf 89' lang='lat' dir='ltr'>ne-</span> 
     </span>
     <span class='ocr_line' id='line_1_24' title="bbox 231 1486 1808 1537; baseline 0.001 -15"><span class='ocrx_word' id='word_1_238' title='bbox 231 1496 303 1534; x_wconf 90' lang='lat' dir='ltr'>que</span> <span class='ocrx_word' id='word_1_239' title='bbox 328 1493 422 1523; x_wconf 89' lang='lat' dir='ltr'>certe</span> <span class='ocrx_word' id='word_1_240' title='bbox 447 1488 590 1534; x_wconf 85' lang='lat' dir='ltr'>iniquos</span> <span class='ocrx_word' id='word_1_241' title='bbox 623 1499 690 1524; x_wconf 89' lang='lat' dir='ltr'>nos</span> <span class='ocrx_word' id='word_1_242' title='bbox 722 1486 819 1530; x_wconf 90' lang='lat' dir='ltr'>fore,</span> <span class='ocrx_word' id='word_1_243' title='bbox 859 1487 882 1524; x_wconf 84' lang='lat' dir='ltr'><strong>fi</strong></span> <span class='ocrx_word' id='word_1_244' title='bbox 902 1489 938 1524; x_wconf 89' lang='lat' dir='ltr'>in</span> <span class='ocrx_word' id='word_1_245' title='bbox 963 1489 1023 1530; x_wconf 88' lang='lat' dir='ltr'>iis,</span> <span class='ocrx_word' id='word_1_246' title='bbox 1053 1489 1173 1536; x_wconf 83' lang='lat' dir='ltr'>paucis</span> <span class='ocrx_word' id='word_1_247' title='bbox 1191 1487 1378 1537; x_wconf 89' lang='lat' dir='ltr'>equidem,</span> <span class='ocrx_word' id='word_1_248' title='bbox 1418 1499 1536 1537; x_wconf 88' lang='lat' dir='ltr'>neque</span> <span class='ocrx_word' id='word_1_249' title='bbox 1559 1488 1734 1526; x_wconf 85' lang='lat' dir='ltr'>duraturis</span> <span class='ocrx_word' id='word_1_250' title='bbox 1745 1487 1808 1525; x_wconf 91' lang='lat' dir='ltr'>sal-</span> 
     </span>
     <span class='ocr_line' id='line_1_25' title="bbox 230 1544 1808 1592; baseline 0.002 -12"><span class='ocrx_word' id='word_1_251' title='bbox 230 1544 350 1586; x_wconf 86' lang='lat' dir='ltr'>tubus,</span> <span class='ocrx_word' id='word_1_252' title='bbox 383 1544 529 1592; x_wconf 85' lang='lat' dir='ltr'>duplam</span> <span class='ocrx_word' id='word_1_253' title='bbox 558 1544 727 1583; x_wconf 82' lang='lat' dir='ltr'>faciemus</span> <span class='ocrx_word' id='word_1_254' title='bbox 745 1546 959 1583; x_wconf 84' lang='lat' dir='ltr'>celeritatem</span> <span class='ocrx_word' id='word_1_255' title='bbox 977 1544 1172 1583; x_wconf 79' lang='lat' dir='ltr'>velocitatis</span> <span class='ocrx_word' id='word_1_256' title='bbox 1191 1545 1325 1584; x_wconf 84' lang='lat' dir='ltr'>mediae.</span> <span class='ocrx_word' id='word_1_257' title='bbox 1363 1545 1412 1582; x_wconf 86' lang='lat' dir='ltr'>Ita</span> <span class='ocrx_word' id='word_1_258' title='bbox 1426 1554 1545 1584; x_wconf 90' lang='lat' dir='ltr'>motus</span> <span class='ocrx_word' id='word_1_259' title='bbox 1561 1546 1710 1584; x_wconf 88' lang='lat' dir='ltr'>musculi</span> <span class='ocrx_word' id='word_1_260' title='bbox 1723 1547 1808 1583; x_wconf 70' lang='lat' dir='ltr'>resti</span> 
     </span>
     <span class='ocr_line' id='line_1_26' title="bbox 229 1601 1807 1653; baseline 0.003 -15"><span class='ocrx_word' id='word_1_261' title='bbox 229 1602 328 1639; x_wconf 81' lang='lat' dir='ltr'>tibiae</span> <span class='ocrx_word' id='word_1_262' title='bbox 343 1601 592 1640; x_wconf 82' lang='lat' dir='ltr'>absolveturin</span> <span class='ocrx_word' id='word_1_263' title='bbox 607 1610 679 1653; x_wconf 48' lang='grc' dir='ltr'>ἷξε</span> <span class='ocrx_word' id='word_1_264' title='bbox 693 1604 823 1640; x_wconf 77' lang='lat' dir='ltr'>miuuti</span> <span class='ocrx_word' id='word_1_265' title='bbox 840 1604 983 1641; x_wconf 90' lang='lat' dir='ltr'>secundi</span> <span class='ocrx_word' id='word_1_266' title='bbox 1001 1632 1009 1645; x_wconf 90' lang='lat'>,</span> <span class='ocrx_word' id='word_1_267' title='bbox 1030 1603 1100 1640; x_wconf 83' lang='lat' dir='ltr'>five</span> <span class='ocrx_word' id='word_1_268' title='bbox 1126 1606 1215 1640; x_wconf 89' lang='lat' dir='ltr'>intra</span> <span class='ocrx_word' id='word_1_269' title='bbox 1228 1611 1349 1652; x_wconf 86' lang='lat' dir='ltr'>quarta</span> <span class='ocrx_word' id='word_1_270' title='bbox 1364 1606 1500 1642; x_wconf 88' lang='lat' dir='ltr'>minuta</span> <span class='ocrx_word' id='word_1_271' title='bbox 1523 1601 1606 1652; x_wconf 54' lang='lat'>103.</span> <span class='ocrx_word' id='word_1_272' title='bbox 1652 1604 1725 1641; x_wconf 91' lang='lat' dir='ltr'>Erit</span> <span class='ocrx_word' id='word_1_273' title='bbox 1745 1616 1807 1642; x_wconf 89' lang='lat' dir='ltr'>au-</span> 
     </span>
     <span class='ocr_line' id='line_1_27' title="bbox 235 1659 1801 1710; baseline 0.002 -14"><span class='ocrx_word' id='word_1_274' title='bbox 235 1667 332 1702; x_wconf 89' lang='lat' dir='ltr'>tem,</span> <span class='ocrx_word' id='word_1_275' title='bbox 363 1659 454 1696; x_wconf 50' lang='lat' dir='ltr'>facito</span> <span class='ocrx_word' id='word_1_276' title='bbox 480 1660 642 1698; x_wconf 84' lang='lat' dir='ltr'>musculo</span> <span class='ocrx_word' id='word_1_277' title='bbox 674 1661 770 1697; x_wconf 67' lang='lat' dir='ltr'>recto</span> <span class='ocrx_word' id='word_1_278' title='bbox 816 1673 875 1706; x_wconf 87' lang='lat'>15.</span> <span class='ocrx_word' id='word_1_279' title='bbox 908 1662 1110 1710; x_wconf 87' lang='lat' dir='ltr'>pollicum,</span> <span class='ocrx_word' id='word_1_280' title='bbox 1143 1661 1340 1699; x_wconf 73' lang='lat' dir='ltr'>contraffio</span> <span class='ocrx_word' id='word_1_281' title='bbox 1365 1661 1436 1699; x_wconf 90' lang='lat' dir='ltr'>fere</span> <span class='ocrx_word' id='word_1_282' title='bbox 1463 1665 1573 1701; x_wconf 85' lang='lat' dir='ltr'>trium</span> <span class='ocrx_word' id='word_1_283' title='bbox 1601 1665 1801 1705; x_wconf 84' lang='lat' dir='ltr'>unciarum,</span> 
     </span>
     <span class='ocr_line' id='line_1_28' title="bbox 230 1718 1253 1768; baseline 0.001 -13"><span class='ocrx_word' id='word_1_284' title='bbox 230 1730 310 1768; x_wconf 83' lang='lat' dir='ltr'>quae</span> <span class='ocrx_word' id='word_1_285' title='bbox 335 1718 380 1755; x_wconf 81' lang='lat' dir='ltr'>ab</span> <span class='ocrx_word' id='word_1_286' title='bbox 401 1730 475 1756; x_wconf 90' lang='lat' dir='ltr'>uno</span> <span class='ocrx_word' id='word_1_287' title='bbox 506 1719 638 1755; x_wconf 84' lang='lat' dir='ltr'>lacerto</span> <span class='ocrx_word' id='word_1_288' title='bbox 670 1731 713 1755; x_wconf 89' lang='lat' dir='ltr'>eo</span> <span class='ocrx_word' id='word_1_289' title='bbox 739 1721 775 1755; x_wconf 92' lang='lat' dir='ltr'>in</span> <span class='ocrx_word' id='word_1_290' title='bbox 801 1726 964 1767; x_wconf 88' lang='lat' dir='ltr'>tempore</span> <span class='ocrx_word' id='word_1_291' title='bbox 985 1727 1253 1768; x_wconf 84' lang='lat' dir='ltr'>percurruntur.</span> 
     </span>
    </p>

    <p class='ocr_par' dir='ltr' id='par_1_4' title="bbox 229 1775 1816 2122">
     <span class='ocr_line' id='line_1_29' title="bbox 289 1775 1807 1817; baseline 0.001 -2"><span class='ocrx_word' id='word_1_292' title='bbox 289 1775 432 1815; x_wconf 88' lang='lat' dir='ltr'>Celeres</span> <span class='ocrx_word' id='word_1_293' title='bbox 461 1778 565 1814; x_wconf 87' lang='lat' dir='ltr'>etiam</span> <span class='ocrx_word' id='word_1_294' title='bbox 594 1784 698 1814; x_wconf 90' lang='lat' dir='ltr'>erunt</span> <span class='ocrx_word' id='word_1_295' title='bbox 729 1777 870 1815; x_wconf 87' lang='lat' dir='ltr'>alternae</span> <span class='ocrx_word' id='word_1_296' title='bbox 896 1778 1156 1816; x_wconf 66' lang='lat' dir='ltr'>contractiones</span> <span class='ocrx_word' id='word_1_297' title='bbox 1181 1779 1216 1815; x_wconf 71' lang='grc' dir='ltr'>δε</span> <span class='ocrx_word' id='word_1_298' title='bbox 1249 1777 1484 1816; x_wconf 87' lang='lat' dir='ltr'>relaxationes</span> <span class='ocrx_word' id='word_1_299' title='bbox 1515 1780 1551 1816; x_wconf 88' lang='lat' dir='ltr'>in</span> <span class='ocrx_word' id='word_1_300' title='bbox 1573 1779 1807 1817; x_wconf 83' lang='lat' dir='ltr'>animalemi-</span> 
     </span>
     <span class='ocr_line' id='line_1_30' title="bbox 229 1836 1809 1887; baseline 0.001 -15"><span class='ocrx_word' id='word_1_301' title='bbox 229 1836 334 1877; x_wconf 89' lang='lat' dir='ltr'>nori,</span> <span class='ocrx_word' id='word_1_302' title='bbox 380 1846 466 1873; x_wconf 81' lang='lat' dir='ltr'>cane</span> <span class='ocrx_word' id='word_1_303' title='bbox 496 1847 569 1872; x_wconf 81' lang='lat' dir='ltr'>v.c.</span> <span class='ocrx_word' id='word_1_304' title='bbox 602 1848 702 1884; x_wconf 82' lang='lat' dir='ltr'>aeque</span> <span class='ocrx_word' id='word_1_305' title='bbox 733 1836 839 1873; x_wconf 88' lang='lat' dir='ltr'>celeri</span> <span class='ocrx_word' id='word_1_306' title='bbox 856 1837 957 1875; x_wconf 90' lang='lat' dir='ltr'>cursu</span> <span class='ocrx_word' id='word_1_307' title='bbox 990 1837 1227 1885; x_wconf 86' lang='lat' dir='ltr'>defungente,</span> <span class='ocrx_word' id='word_1_308' title='bbox 1262 1839 1361 1885; x_wconf 82' lang='lat' dir='ltr'>cujus</span> <span class='ocrx_word' id='word_1_309' title='bbox 1393 1849 1479 1875; x_wconf 88' lang='lat' dir='ltr'>vero</span> <span class='ocrx_word' id='word_1_310' title='bbox 1504 1837 1616 1887; x_wconf 86' lang='lat' dir='ltr'>paffus</span> <span class='ocrx_word' id='word_1_311' title='bbox 1647 1838 1687 1875; x_wconf 86' lang='lat' dir='ltr'>fit</span> <span class='ocrx_word' id='word_1_312' title='bbox 1716 1838 1809 1875; x_wconf 87' lang='lat' dir='ltr'>mul-</span> 
     </span>
     <span class='ocr_line' id='line_1_31' title="bbox 229 1890 1808 1945; baseline 0.002 -14"><span class='ocrx_word' id='word_1_313' title='bbox 229 1900 271 1931; x_wconf 91' lang='lat' dir='ltr'>to</span> <span class='ocrx_word' id='word_1_314' title='bbox 326 1890 569 1943; x_wconf 84' lang='lat' dir='ltr'>brevior(m).</span> <span class='ocrx_word' id='word_1_315' title='bbox 634 1893 802 1932; x_wconf 83' lang='lat' dir='ltr'>Canicula</span> <span class='ocrx_word' id='word_1_316' title='bbox 834 1897 924 1932; x_wconf 87' lang='lat' dir='ltr'>intra</span> <span class='ocrx_word' id='word_1_317' title='bbox 954 1906 1016 1940; x_wconf 86' lang='lat'>24.</span> <span class='ocrx_word' id='word_1_318' title='bbox 1039 1896 1143 1933; x_wconf 82' lang='lat' dir='ltr'>horas</span> <span class='ocrx_word' id='word_1_319' title='bbox 1171 1902 1234 1940; x_wconf 86' lang='lat'>65.</span> <span class='ocrx_word' id='word_1_320' title='bbox 1265 1896 1429 1933; x_wconf 86' lang='lat' dir='ltr'>milliaria</span> <span class='ocrx_word' id='word_1_321' title='bbox 1473 1897 1668 1945; x_wconf 84' lang='lat' dir='ltr'>hungarica</span> <span class='ocrx_word' id='word_1_322' title='bbox 1705 1895 1808 1934; x_wconf 80' lang='lat' dir='ltr'>cursu</span> 
     </span>
     <span class='ocr_line' id='line_1_32' title="bbox 229 1950 1806 2004; baseline 0.002 -15"><span class='ocrx_word' id='word_1_323' title='bbox 229 1950 379 1989; x_wconf 81' lang='lat' dir='ltr'>absolvit</span> <span class='ocrx_word' id='word_1_324' title='bbox 397 1953 518 1998; x_wconf 79' lang='lat' dir='ltr'>(m),</span> <span class='ocrx_word' id='word_1_325' title='bbox 553 1952 662 2001; x_wconf 90' lang='lat' dir='ltr'>pedes</span> <span class='ocrx_word' id='word_1_326' title='bbox 692 1965 823 2002; x_wconf 89' lang='lat' dir='ltr'>nempe</span> <span class='ocrx_word' id='word_1_327' title='bbox 850 1961 1053 1998; x_wconf 86' lang='lat'><em>1690000.</em></span> <span class='ocrx_word' id='word_1_328' title='bbox 1089 1955 1125 1991; x_wconf 71' lang='grc' dir='ltr'>δι</span> <span class='ocrx_word' id='word_1_329' title='bbox 1152 1966 1234 1992; x_wconf 91' lang='lat' dir='ltr'>cum</span> <span class='ocrx_word' id='word_1_330' title='bbox 1252 1953 1363 2003; x_wconf 72' lang='lat' dir='ltr'>passus</span> <span class='ocrx_word' id='word_1_331' title='bbox 1380 1956 1474 1993; x_wconf 89' lang='lat' dir='ltr'>canis</span> <span class='ocrx_word' id='word_1_332' title='bbox 1495 1957 1555 1993; x_wconf 86' lang='lat' dir='ltr'>vix</span> <span class='ocrx_word' id='word_1_333' title='bbox 1575 1955 1615 1993; x_wconf 86' lang='lat' dir='ltr'>fit</span> <span class='ocrx_word' id='word_1_334' title='bbox 1634 1955 1733 2003; x_wconf 88' lang='lat' dir='ltr'>supra</span> <span class='ocrx_word' id='word_1_335' title='bbox 1746 1966 1806 2004; x_wconf 85' lang='lat' dir='ltr'>pe-</span> 
     </span>
     <span class='ocr_line' id='line_1_33' title="bbox 230 2010 1816 2062; baseline 0.003 -17"><span class='ocrx_word' id='word_1_336' title='bbox 230 2010 314 2046; x_wconf 88' lang='lat' dir='ltr'>dem</span> <span class='ocrx_word' id='word_1_337' title='bbox 378 2011 532 2048; x_wconf 84' lang='lat' dir='ltr'>totidem</span> <span class='ocrx_word' id='word_1_338' title='bbox 560 2010 672 2059; x_wconf 82' lang='lat' dir='ltr'>passus</span> <span class='ocrx_word' id='word_1_339' title='bbox 697 2012 800 2055; x_wconf 80' lang='lat' dir='ltr'>fecit,</span> <span class='ocrx_word' id='word_1_340' title='bbox 847 2014 883 2049; x_wconf 68' lang='grc' dir='ltr'>δι</span> <span class='ocrx_word' id='word_1_341' title='bbox 920 2014 1027 2050; x_wconf 87' lang='lat' dir='ltr'>toties</span> <span class='ocrx_word' id='word_1_342' title='bbox 1063 2012 1198 2050; x_wconf 82' lang='lat' dir='ltr'>femora</span> <span class='ocrx_word' id='word_1_343' title='bbox 1235 2012 1412 2055; x_wconf 85' lang='lat' dir='ltr'>elevavit,</span> <span class='ocrx_word' id='word_1_344' title='bbox 1455 2025 1586 2062; x_wconf 88' lang='lat' dir='ltr'>nempe</span> <span class='ocrx_word' id='word_1_345' title='bbox 1622 2015 1712 2051; x_wconf 84' lang='lat' dir='ltr'>intra</span> <span class='ocrx_word' id='word_1_346' title='bbox 1741 2014 1816 2062; x_wconf 45' lang='lat' dir='ltr'>mig</span> 
     </span>
     <span class='ocr_line' id='line_1_34' title="bbox 229 2064 1807 2122; baseline 0.002 -17"><span class='ocrx_word' id='word_1_347' title='bbox 229 2076 359 2106; x_wconf 77' lang='lat' dir='ltr'>nutum</span> <span class='ocrx_word' id='word_1_348' title='bbox 382 2068 580 2107; x_wconf 86' lang='lat' dir='ltr'>secundum</span> <span class='ocrx_word' id='word_1_349' title='bbox 602 2070 759 2118; x_wconf 85' lang='lat' dir='ltr'>vigefies.</span> <span class='ocrx_word' id='word_1_350' title='bbox 822 2070 948 2109; x_wconf 91' lang='lat' dir='ltr'>Diviso</span> <span class='ocrx_word' id='word_1_351' title='bbox 967 2082 1052 2109; x_wconf 89' lang='lat' dir='ltr'>vero</span> <span class='ocrx_word' id='word_1_352' title='bbox 1072 2069 1168 2120; x_wconf 75' lang='lat' dir='ltr'>passu</span> <span class='ocrx_word' id='word_1_353' title='bbox 1183 2099 1194 2114; x_wconf 88' lang='lat'>‚</span> <span class='ocrx_word' id='word_1_354' title='bbox 1230 2078 1270 2109; x_wconf 91' lang='lat' dir='ltr'>ut</span> <span class='ocrx_word' id='word_1_355' title='bbox 1297 2072 1334 2108; x_wconf 90' lang='lat' dir='ltr'>in</span> <span class='ocrx_word' id='word_1_356' title='bbox 1351 2072 1463 2121; x_wconf 87' lang='lat' dir='ltr'>priori</span> <span class='ocrx_word' id='word_1_357' title='bbox 1480 2072 1673 2122; x_wconf 84' lang='lat' dir='ltr'>exemplo,</span> <span class='ocrx_word' id='word_1_358' title='bbox 1714 2064 1807 2109; x_wconf 54' lang='lat' dir='ltr'>con-³</span> 
     </span>
    </p>
   </div>
   <div class='ocr_carea' id='block_1_3' title="bbox 1683 2130 1878 2181">
    <p class='ocr_par' dir='ltr' id='par_1_5' title="bbox 1683 2130 1878 2181">
     <span class='ocr_line' id='line_1_35' title="bbox 1683 2130 1878 2181; baseline 0.005 -13"><span class='ocrx_word' id='word_1_359' title='bbox 1683 2130 1810 2181; x_wconf 60' lang='lat' dir='ltr'>traetio</span> <span class='ocrx_word' id='word_1_360' title='bbox 1874 2131 1878 2134; x_wconf 79' lang='grc'><strong>’</strong></span> 
     </span>
    </p>
   </div>
   <div class='ocr_carea' id='block_1_4' title="bbox 230 2262 1807 2388">
    <p class='ocr_par' dir='ltr' id='par_1_6' title="bbox 230 2262 1807 2388">
     <span class='ocr_line' id='line_1_36' title="bbox 268 2262 1807 2310; baseline 0.003 -16"><span class='ocrx_word' id='word_1_361' title='bbox 268 2263 327 2302; x_wconf 86' lang='grc'>(1)</span> <span class='ocrx_word' id='word_1_362' title='bbox 351 2264 552 2295; x_wconf 67' lang='lat' dir='ltr'>TnssvnNoT</span> <span class='ocrx_word' id='word_1_363' title='bbox 567 2262 643 2304; x_wconf 70' lang='lat' dir='ltr'>fieite</span> <span class='ocrx_word' id='word_1_364' title='bbox 664 2267 705 2296; x_wconf 81' lang='lat' dir='ltr'>du</span> <span class='ocrx_word' id='word_1_365' title='bbox 725 2267 814 2305; x_wconf 58' lang='grc' dir='ltr'><strong><em>τοίας.</em></strong></span> <span class='ocrx_word' id='word_1_366' title='bbox 838 2267 868 2298; x_wconf 78' lang='lat' dir='ltr'>L.</span> <span class='ocrx_word' id='word_1_367' title='bbox 887 2267 922 2299; x_wconf 82' lang='lat'>11.</span> <span class='ocrx_word' id='word_1_368' title='bbox 944 2279 968 2299; x_wconf 84' lang='lat' dir='ltr'>c.</span> <span class='ocrx_word' id='word_1_369' title='bbox 983 2269 1041 2304; x_wconf 77' lang='lat' dir='ltr'>XI.</span> <span class='ocrx_word' id='word_1_370' title='bbox 1075 2269 1120 2301; x_wconf 80' lang='lat' dir='ltr'>Ad</span> <span class='ocrx_word' id='word_1_371' title='bbox 1150 2269 1258 2302; x_wconf 80' lang='lat' dir='ltr'>cursum</span> <span class='ocrx_word' id='word_1_372' title='bbox 1286 2270 1371 2302; x_wconf 85' lang='lat' dir='ltr'>etiam</span> <span class='ocrx_word' id='word_1_373' title='bbox 1395 2270 1580 2302; x_wconf 68' lang='lat' dir='ltr'>Romuson</span> <span class='ocrx_word' id='word_1_374' title='bbox 1611 2267 1646 2308; x_wconf 81' lang='lat' dir='ltr'>os</span> <span class='ocrx_word' id='word_1_375' title='bbox 1658 2270 1704 2302; x_wconf 79' lang='lat' dir='ltr'>the</span> <span class='ocrx_word' id='word_1_376' title='bbox 1715 2268 1807 2310; x_wconf 71' lang='lat' dir='ltr'>fidem</span> 
     </span>
     <span class='ocr_line' id='line_1_37' title="bbox 230 2314 943 2388; baseline 0.006 -12"><span class='ocrx_word' id='word_1_377' title='bbox 230 2314 547 2384; x_wconf 45' lang='lat' dir='ltr'>p3512222ss4131ennssu</span> <span class='ocrx_word' id='word_1_378' title='bbox 570 2344 680 2387; x_wconf 74' lang='lat' dir='ltr'>mistell.</span> <span class='ocrx_word' id='word_1_379' title='bbox 714 2356 802 2386; x_wconf 83' lang='lat'><strong>1727.</strong></span> <span class='ocrx_word' id='word_1_380' title='bbox 830 2358 857 2387; x_wconf 88' lang='lat' dir='ltr'>p.</span> <span class='ocrx_word' id='word_1_381' title='bbox 877 2357 943 2388; x_wconf 84' lang='lat'>559.</span> 
     </span>
    </p>
   </div>
  </div>
 </body>
</html>
