1895 2650
556 137 1287 179 SECT.III.CAUSAE.
1604 153 1681 187 559

108 237 147 274 in
185 234 242 271 illa
274 234 351 284 plus
392 245 497 283 quam
542 235 847 274 AL131N1ANA
883 232 1002 273 tabula
1031 234 1210 273 musculos
1254 223 1490 277 accessorius,
1544 234 1699 278 adores,

111 295 321 337 diredtores,
353 295 552 339 adjutores,
598 295 742 332 statores
766 293 917 331 definito
944 302 1047 332 motu
1072 295 1253 331 excitaret.
1320 294 1431 332 Nu'nc
1447 294 1538 331 adeo
1560 307 1633 331 non
1653 303 1704 332 te·

112 365 240 391 nemus
263 365 340 390 eam
360 355 637 402 topographiam
656 382 665 395 ‚
691 363 729 391 ut
748 365 792 390 ne
811 354 847 390 in
875 353 1007 390 dolore
1026 354 1172 402 quidem
1192 353 1308 390 sedem
1327 362 1488 391 accurate
1507 362 1699 391 teneamus.

174 412 348 454 Omitto,
388 422 489 460 quon
515 424 558 449 ex
580 413 858 450 adversariorum
896 413 1033 449 theoria
1067 414 1173 449 etiam
1202 413 1440 451 involuntaria
1467 425 1600 461 organa
1629 414 1703 457 (a)

110 471 262 521 perinde
296 474 422 508 animae
458 482 548 508 nutu
581 481 774 520 reguntur,
818 472 854 508 &
892 479 996 508 motu
1028 472 1179 513 touico‚
1210 484 1318 521 quem
1350 473 1407 509 alii
1457 484 1573 520 nuper
1605 472 1705 508 oscil-

112 530 283 567 latorium
319 530 458 567 vitalem
485 531 631 572 dicunt,
667 530 802 568 vascula
832 531 956 567 omnia
983 530 1098 568 modo
1143 530 1331 573 laxentur,
1382 532 1497 568 modo
1534 531 1706 578 stringan-

113 597 200 631 tur,
241 596 281 626 ut
315 591 458 637 propria
487 591 521 626 ἃ
553 590 711 638 ltgitima
742 589 902 627 celeritas
931 591 968 626 in
1001 590 1199 627 humorum
1233 591 1445 627 circuitione
1482 590 1696 627 obtineatur.
1731 634 1739 642 ·

173 647 257 685 Eam
277 647 451 684 infinitam
485 651 554 685 vim
587 649 747 687 ldearum
764 649 855 686 adeo
875 649 980 686 nobis
1005 660 1080 685 non
1102 648 1288 686 molestam
1309 649 1518 686 incumbere
1545 657 1700 697 oportet,

112 713 154 746 ut
175 707 380 756 praesentem
395 708 646 756 perspiciamus
664 736 673 751 ‚
710 719 950 756 regamusque
968 736 978 751 ,
1015 719 1061 745 ne
1083 708 1228 756 quidem
1256 709 1358 756 gnari
1376 715 1513 746 tantum
1533 719 1599 744 nos
1617 719 1707 755 pon-

114 769 184 804 dus
221 766 333 808 ferre,
369 767 404 802 δι
433 769 475 803 ad
511 764 764 804 meditationes
797 766 1056 804 sublimiffimas
1090 767 1241 816 perfeCle
1283 769 1376 814 apti,
1442 779 1528 815 quas
1557 769 1704 803 minima

120 824 284 863 sensuum
313 829 451 862 emotio
483 826 576 863 adeo
601 825 703 864 facile
741 826 786 863 de
818 826 960 863 circulis
1000 826 1149 864 turbatis
1189 826 1340 874 dejicit,
1391 827 1546 864 omnino
1580 834 1707 863 contra

113 886 371 934 experientiam
393 884 452 921 est.

175 944 416 980 Coniuetudo
463 943 547 980 facit
568 943 802 990 facilitatem;
835 943 1030 981 didicimus
1063 942 1160 980 salire
1204 944 1395 987 cadendo,
1447 952 1616 992 regerunt
1645 943 1704 979 ad-

113 1001 263 1039 versarii.
329 1001 420 1039 Non
453 1004 498 1039 ita
518 1003 567 1038 est
588 1002 685 1050 (h).
745 1002 946 1044 Animalia,
981 1004 1113 1051 quibus
1145 1004 1181 1038 in
1214 1003 1419 1040 universum
1456 1003 1600 1040 duriora
1637 1000 1707 1039 offa

114 1061 218 1103 sunt,
246 1060 394 1109 quando
423 1060 468 1097 de
498 1067 601 1098 utero
633 1059 849 1110 prodeunt,
897 1061 988 1097 nihil
1023 1061 1257 1104 didicerunt,
1310 1062 1399 1098 nihil
1433 1061 1512 1099 sunt
1538 1070 1704 1110 experta,

115 1121 154 1156 &
192 1130 305 1168 agnus
332 1127 451 1156 tamen
480 1120 524 1157 de
559 1127 671 1157 matre
702 1127 806 1158 natus
845 1119 1014 1162 curfitat,
1077 1119 1235 1167 sequitur
1283 1129 1461 1163 matrem,
1510 1122 1547 1158 &
1589 1122 1706 1169 requi-

114 1177 176 1215 fita
208 1180 315 1215 ubera
337 1178 446 1227 sugit3
479 1180 580 1227 apis,
615 1177 800 1216 artificiosa
815 1189 904 1215 cerae
924 1178 1110 1227 mellisque
1146 1179 1309 1226 magistra
1328 1208 1337 1222 ‚
1381 1187 1420 1217 ut
1450 1191 1495 1216 ex
1526 1191 1646 1216 verme
1669 1181 1708 1217 in

113 1236 272 1275 muscam
300 1238 388 1274 facta
419 1237 496 1281 est,
535 1239 582 1276 ita
613 1238 930 1275 omnibusviribus
945 1237 1148 1287 corpusculi
1168 1239 1370 1285 conjunffis
1411 1251 1529 1276 ceram
1563 1239 1624 1276 scit
1654 1238 1706 1275 le.

115 1307 223 1345 gere,
282 1297 318 1333 &
363 1294 457 1340 mel,
518 1297 555 1334 ἃ,
591 1295 845 1334 difficillimum
876 1297 1063 1346 problema
1095 1297 1254 1340 solvere,
1304 1306 1343 1334 ut
1373 1310 1504 1347 nempe
1544 1298 1708 1346 operculi

112 1355 269 1404 angulus
307 1355 455 1393 obtusus
500 1355 541 1394 sit
576 1357 775 1404 ejusmodi,
811 1367 886 1405 quo
925 1368 1009 1394 cum
1039 1358 1193 1394 minimo
1222 1368 1310 1394 cerae
1328 1358 1517 1406 impendio
1547 1356 1708 1405 hexago-

114 1426 164 1454 na
180 1413 306 1452 cellula
324 1414 626 1463 obsignetur(h*
637 1416 669 1465 ).
736 1415 930 1464 Papilionis
956 1417 1094 1459 anima,
1129 1428 1207 1465 quae
1237 1418 1274 1452 in
1302 1428 1432 1459 eruca,
1455 1416 1529 1453 aliis
1550 1427 1632 1453 cum
1651 1428 1709 1453 or-

115 1475 218 1522 ganis
239 1473 443 1518 habitavit,
493 1486 602 1524 quam
639 1476 798 1523 primum
864 1475 909 1512 de
957 1474 1153 1525 chrysalide
1197 1475 1229 1512 se
1261 1476 1473 1524 expedivit,
1531 1474 1593 1512 stit
1639 1475 1707 1513 alis

117 1532 296 1581 explicare
314 1561 324 1576 ,
377 1533 620 1584 aetherenique
650 1536 821 1583 ignotum
870 1535 1002 1582 pennis
1055 1534 1178 1572 secate.
1218 1560 1220 1562 -
1281 1534 1439 1584 Polypus
1484 1546 1599 1583 nuper
1648 1546 1710 1572 na-

117 1599 175 1630 tus
200 1593 355 1641 explicat
391 1604 549 1637 cornua,
584 1601 701 1642 captat
735 1593 966 1636 animalcula,
1009 1594 1125 1631 nihilo
1161 1599 1273 1630 matre
1310 1593 1367 1631 sua
1400 1595 1566 1641 ignavior
1594 1621 1604 1636 ,
1646 1605 1710 1631 cu-

117 1653 173 1699 jus
214 1651 260 1688 de
290 1651 396 1689 latere
427 1664 526 1690 nunc
568 1653 665 1700 cepit
704 1653 921 1700 prominere.
1001 1651 1114 1695 Aves,
1151 1651 1229 1689 aliae
1270 1652 1417 1701 quidem
1443 1653 1517 1689 aliis
1547 1651 1706 1695 facilius,

118 1709 279 1752 auditam
311 1710 528 1749 cantilenam
563 1709 632 1748 suis
667 1711 814 1757 organis
847 1711 1067 1756 exprimunt.
1132 1709 1208 1760 Ipse
1228 1722 1318 1759 puer
1347 1712 1556 1759 nuperrime
1570 1711 1614 1747 de
1637 1723 1710 1749 ma-

119 1771 183 1807 tris
215 1769 296 1806 alvo
319 1767 484 1807 exclusus
514 1768 602 1812 flet,
635 1767 753 1817 sugit,
789 1768 951 1816 deglutit.
1003 1767 1148 1818 Nempe
1164 1768 1455 1807 numeroliffimis
1475 1769 1641 1808 musculis
1672 1771 1709 1808 in

119 1827 351 1877 inspiratione
364 1828 565 1875 conjunctis
584 1855 595 1871 ,
626 1840 746 1877 neque
769 1839 930 1876 unquam
952 1829 1096 1865 tentatis
1109 1829 1154 1865 ita
1175 1829 1278 1865 novit
1305 1831 1356 1867 uti
1372 1856 1383 1871 ,
1413 1837 1452 1866 ut
1471 1829 1524 1866 lac
1551 1827 1709 1877 depreffa

121 1887 274 1938 papilla,
309 1899 498 1937 nunquam
528 1888 734 1936 gustatum,
772 1899 959 1937 nunquam
981 1888 1206 1936 expetitum,
1237 1888 1274 1924 in
1295 1888 1535 1926 ventriculum
1561 1887 1706 1925 descen-

121 1947 193 1985 dat.
243 1947 318 1985 Scit
349 1947 447 1984 idem
463 1947 629 1997 plorare,
659 1958 863 1996 vocemque
890 1947 1022 1990 edere,
1053 1946 1142 1984 dum
1160 1948 1197 1984 in
1224 1946 1351 1995 vagina
1374 1947 1563 1985 semivivus
1587 1946 1706 1989 haeret.

122 2007 306 2044 innumeri
343 2013 463 2044 autem
503 2005 654 2045 musculi
693 2006 738 2044 ad
775 2008 938 2056 vagitum
978 2005 1217 2044 consentiunt.
1301 2005 1463 2044 Demum
1507 2008 1544 2043 in
1581 2006 1710 2055 plantis

120 2063 162 2104 hi
192 2072 313 2103 motus
343 2066 386 2103 ad
406 2065 618 2104 secretiones
639 2065 834 2103 humorem
869 2065 912 2103 ad
944 2066 1206 2108 nutritionem,
1253 2065 1297 2102 ad
1323 2067 1615 2108 incrementum,
1665 2064 1710 2102 ad

123 2121 254 2172 speciei
286 2125 589 2173 propagationem
631 2123 815 2175 requisiti,
857 2131 979 2162 motus
1001 2124 1060 2162 alii
1088 2126 1218 2174 quibus
1249 2124 1367 2163 lucem
1389 2124 1464 2162 aliae
1495 2125 1621 2174 plantae
1656 2124 1710 2161 fu-

125 2184 252 2232 giunt,
284 2183 360 2221 aliae
384 2191 549 2233 quaerunt
569 2211 584 2232 ,
634 2192 756 2224 motus
795 2184 841 2224 ad
867 2184 1126 2235 impatientiam
1159 2184 1292 2224 stimuli
1320 2184 1509 2223 manifesto
1529 2185 1711 2234 pertinen-

1629 2248 1703 2285 tes.

169 2329 235 2366 (a)
261 2340 290 2369 p.
312 2335 377 2367 με.
393 2331 471 2372 seqq.

166 2371 234 2407 (b)
259 2381 286 2409 p·
313 2379 380 2409 5²7·

167 2412 258 2450 (1²⁸)
278 2411 472 2452 Κυιυιυιξ
