2018 2719
842 141 964 194 [1]

502 346 1296 408 PRAEFATIO.

100 478 289 572 ξοῲῠῲᾗξ
305 502 523 546 Neredibili
571 499 648 543 sum
684 500 823 542 dolore
859 498 1058 548 adfedus,
1098 514 1188 540 cnm
1216 513 1401 555 nuperum
1438 497 1480 541 L.
1521 497 1576 541 V.
1622 502 1690 541 Ad-

95 522 135 631 g
178 536 207 593 I
250 576 288 629 (Ξ),
321 569 551 627 notationum*
569 560 701 602 summi
731 561 801 600 viri
827 558 928 601 B.S.
959 557 1174 601 ALB1N1
1209 560 1363 615 accep1‚
1395 560 1560 613 justum,
1597 560 1690 601 mihi

95 633 284 673 ξέᾠοῲοὸΐς
317 618 386 662 soli
414 622 635 677 obpohtum
665 620 864 661 volumen.

156 726 256 771 Non
287 728 379 770 ideo
403 729 586 770 dolebam
608 759 619 772 ,
656 726 765 783 quod
778 725 1030 782 gravissimum
1048 756 1058 774 ,
1091 728 1129 767 δε
1158 725 1415 781 peritissimum
1433 753 1443 771 ‚
1484 728 1524 766 δε
1553 726 1692 768 acerri-v

94 801 157 828 me
182 786 393 829 animosum
425 785 678 829 adversarium
704 785 817 827 ess'ern
843 788 996 834 nanus,
1045 787 1112 840 qui
1139 787 1228 826 artis
1250 782 1429 826 universae
1465 787 1691 827 anatomicae

93 847 351 902 peritissimus,
387 847 504 889 etiam
532 844 801 887 minutiffimos
822 858 967 886 errores
994 856 1103 898 aptus
1127 843 1218 885 esset
1258 844 1439 899 detegere
1458 874 1469 892 ‚
1519 841 1659 898 suaque
1677 875 1689 890 ‚

94 919 171 959 qua
200 906 379 955 excellit,
415 919 545 946 earum
577 916 700 946 rerum
742 905 997 959 cognitione,
1037 902 1299 944 defensionem
1328 917 1484 944 omnem
1525 904 1690 945 reddere

97 963 374 1006 difficillimam.
458 962 567 1005 Cum
617 976 797 1018 praeterea
833 975 893 1003 tot
934 964 984 1005 ab
1028 963 1135 1003 annis
1182 964 1220 1002 in
1259 963 1514 1018 magistratum
1556 960 1690 1003 Patriae

96 1025 294 1064 translatus
321 1023 470 1064 duabus
502 1037 603 1063 nunc
632 1021 858 1076 praefecturis
884 1020 1070 1076 defungar
1088 1051 1100 1069 ‚
1129 1034 1150 1061 a
1179 1021 1406 1062 cadaverum
1429 1021 1690 1061 humanorum

94 1078 160 1122 usu
193 1084 308 1137 longe
336 1080 532 1130 semotus·‚
564 1081 756 1137 rebusque
788 1081 967 1122 civilibus
991 1084 1029 1122 δε
1061 1079 1319 1136 gubernandae
1356 1095 1448 1122 meae
1473 1077 1690 1122 Provincia:-

95 1154 199 1185 meas
233 1141 346 1184 horas
369 1140 547 1183 debeam.

153 1247 282 1299 Non,
320 1250 499 1306 inquam,
547 1247 638 1291 ideo
666 1248 814 1290 animus
843 1261 951 1290 meus
977 1247 1026 1289 ab
1066 1262 1112 1290 ea
1142 1247 1208 1290 lite
1234 1247 1428 1289 abhorret.
1476 1245 1585 1289 Nam
1623 1248 1688 1290 vel

97 1321 184 1349 erro
214 1311 251 1350 in
278 1307 595 1363 descriptionibus
620 1309 790 1362 corporis
822 1307 1002 1357 humani,
1047 1308 1109 1347 vel
1151 1321 1289 1347 verum
1330 1303 1466 1348 scribo.
1527 1304 1633 1348 Vera
1662 1305 1689 1348 fi

94 1366 198 1413 dixi,
233 1369 350 1409 etiarn
381 1369 439 1409 his
466 1368 647 1419 omnibus
680 1367 814 1415 lectis,
844 1380 928 1421 quae
962 1378 1095 1407 contra
1122 1363 1236 1408 VIR
1273 1365 1516 1408 SUMMUS
1553 1377 1688 1421 urget,

94 1425 251 1468 habebo
281 1438 342 1467 tot
369 1428 478 1467 testes
497 1456 509 1474 ,
540 1437 639 1480 quot
677 1426 767 1465 viris
806 1425 988 1478 placuerit
1023 1423 1177 1465 easdem
1215 1425 1386 1479 corporis
1417 1424 1571 1464 humani
1602 1438 1689 1479 par-

94 1495 153 1524 tes
179 1482 302 1526 secare
320 1513 331 1530 ‚
365 1484 414 1525 de
444 1485 584 1539 quibus
614 1485 721 1533 litem
760 1483 854 1524 mihi
879 1484 1005 1524 movit
1034 1482 1305 1526 ALBINUS.
1369 1480 1520 1538 Magna
1550 1495 1610 1523 res
1634 1482 1688 1525 est

94 1544 260 1592 veritas,
296 1546 336 1583 δε
362 1542 596 1598 praevalebit.

154 1650 194 1693 Si
229 1651 392 1693 omnino
430 1650 575 1699 erravi,
612 1663 753 1706 magno
780 1658 842 1691 me
873 1647 1066 1691 beneficio
1089 1649 1146 1690 vir
1176 1647 1275 1692 ILL.
1311 1648 1486 1698 adficiet,
1527 1649 1689 1704 quando
1743 1664 1745 1667 ’

95 1711 241 1751 vastum
287 1725 415 1751 meum
439 1723 537 1764 opus
567 1710 758 1752 erroribus
785 1709 991 1755 liberabit,
1036 1709 1102 1763 qui
1136 1709 1283 1763 absque
1327 1710 1408 1760 ejus
1446 1705 1598 1750 censura
1644 1707 1686 1750 id

96 1766 215 1824 ipsum
249 1769 554 1810 dehonestarent.
603 1767 699 1810 Ideo
742 1767 783 1808 id
831 1782 928 1822 opus
960 1764 1132 1820 suscepi,
1168 1779 1234 1813 ut,
1282 1764 1364 1821 quae
1390 1781 1479 1809 vera
1516 1766 1593 1811 fide
1618 1764 1686 1809 sub

97 1828 268 1869 medium
302 1825 471 1869 seculum
499 1825 657 1869 XVIII.
704 1826 964 1875 innotuerint,
987 1827 1087 1866 eain
1113 1826 1386 1880 compendium
1404 1828 1596 1867 contraCta
1615 1840 1686 1880 po-

96 1887 180 1926 steri
210 1888 337 1942 legere
364 1885 510 1940 possint.
563 1885 716 1941 Legent
739 1897 867 1926 autern
894 1885 1007 1938 plena
1037 1898 1122 1925 cum
1147 1883 1247 1930 fide,
1270 1883 1428 1940 quando
1445 1883 1501 1932 ῥΑ
1519 1895 1655 1927 LBIN
1665 1894 1684 1926 1

97 1941 248 1986 censura
275 1943 419 1986 acceffit
442 1944 559 1994 ‚nulli
582 1946 766 2000 parcitura
793 1943 952 1985 mendo.
986 1941 1072 1999 Ego
1104 1958 1197 1985 vero
1217 1973 1228 1992 ,
1264 1955 1305 1985 ut
1327 1940 1432 1984 soleo
1450 1974 1460 1992 ‚
1498 1944 1535 1984 in
1565 1945 1685 1985 corri-

96 2003 232 2059 gendis
271 2005 337 2052 iis,
381 2017 465 2059 quae
487 2004 628 2045 utiliter
676 2003 882 2044 correxerit
923 2003 1050 2043 noster
1086 2000 1334 2045 PRAECEP
1358 2012 1473 2044 TOR
1504 2033 1514 2048 ,
1548 2044 1552 2047 ,
1581 2002 1683 2044 adeo

97 2076 175 2103 non
200 2062 377 2111 dolebo,
412 2074 454 2102 ut
484 2059 633 2104 summae
666 2062 759 2104 mihi
786 2062 996 2118 voluptatis
1022 2061 1113 2104 loco
1150 2061 1193 2104 stt
1223 2061 1338 2112 mihi,
1369 2075 1476 2103 meos
1495 2075 1680 2109 averrun÷

97 2134 182 2163 care
210 2135 356 2163 errores
378 2125 395 2172 (
416 2137 432 2164 1
452 2124 482 2170 >.
1587 2176 1627 2221 A

1633 2178 1681 2219 lia

132 2299 150 2336 ⁷(
165 2309 176 2330 ι
193 2301 207 2338 )
226 2277 300 2331 vidie
318 2305 384 2331 ante
400 2299 461 2331 haec
472 2299 604 2339 scriptam
623 2300 712 2339 Oper.
731 2300 835 2332 minor.
853 2299 888 2332 T.
906 2300 926 2333 1.
959 2299 1167 2341 praefationem.

156 2392 277 2436 Haller
309 2393 500 2444 Phyfiolog,
563 2394 672 2434 Tom.
714 2393 788 2434 IV.
1223 2404 1244 2432 a

347 2528 374 2541 Ὀ
