1905 2640
258 147 335 175 102
507 134 628 174 LIB.
683 132 730 173 X.
793 127 1160 174 CEREBRUM
1205 131 1284 172 ET
1334 131 1565 173 NERVI.

253 232 345 267 circa
399 229 491 270 finus
540 228 697 268 laterales
740 241 827 267 vero
876 231 914 267 in
961 240 1084 268 arcum
1137 228 1269 272 flean,
1334 229 1372 266 in
1419 226 1582 266 tentoriis
1630 228 1825 269 denfiffirne

255 290 448 336 congestus.

313 348 406 393 Quae
427 361 497 397 ego
542 350 579 385 in
601 349 757 397 repetitis
792 347 1021 386 cadaveribus
1050 347 1148 390 vidi,
1195 358 1293 385 nunc
1327 346 1399 384 refe
1417 358 1484 391 ro,
1521 347 1726 385 variabilem
1751 360 1836 386 vero

255 405 309 443 his
335 409 371 444 in
401 406 575 445 lacertulis
598 415 761 445 naturam
786 409 909 458 reperi.

312 465 353 502 ln
385 466 471 503 dura
501 467 728 508 membrana,
777 477 900 503 cavam
936 465 1071 503 calvam
1112 466 1381 508 convestiente‚
1432 464 1534 502 fibras
1571 466 1765 503 exteriores
1796 467 1833 503 in

254 525 459 561 universum
493 525 761 573 longitudinem
786 523 909 573 sequi,
949 526 1101 562 internas
1127 523 1323 561 transverso
1350 524 1456 562 duilu
1482 523 1564 561 ferri
1595 526 1708 573 reperi
1746 526 1829 572 (o).

249 581 291 618 In
320 583 388 619 baii
420 585 555 621 cerebri
581 586 674 621 circa
697 584 859 620 foramen
879 595 1014 620 caecum
1047 582 1246 619 transversae
1266 582 1354 620 sunt.

312 640 353 677 In
385 642 472 679 falce
497 642 665 691 plurimas
692 643 816 684 fibras,
849 643 1004 679 maxime
1037 642 1128 679 circa
1156 641 1373 690 superiorem
1407 640 1520 677 finum
1539 668 1549 682 ‚
1601 642 1636 678 ὃς
1657 653 1731 679 ηοη
1755 653 1834 679 raro

256 701 363 737 etiam
397 703 488 738 circa
521 701 750 743 inferiorem,
793 713 811 738 a
836 700 1092 749 posterioribus
1129 700 1173 737 ad
1218 702 1395 738 anteriora
1424 700 1505 736 ferri
1539 700 1684 737 constat.
1761 699 1835 738 Has

253 757 353 796 R1o
376 771 463 797 rer
482 773 529 797 us
563 760 673 802 dixit,
711 759 771 797 ΡΑ
789 770 1045 796 ecmonus
1077 765 1137 796 aut
1165 771 1241 796 non
1267 760 1394 800 habet,
1450 765 1510 796 aut
1545 758 1705 796 obscuris
1739 768 1833 797 certe

253 819 405 854 vocibus
428 820 608 867 exprimit.

315 876 458 913 Deinde
489 879 524 913 in
556 884 653 926 purte
676 876 770 913 salcis
798 876 986 924 posteriori
1029 876 1064 912 ὃς
1096 877 1260 913 tentoriis
1303 876 1452 913 finitima
1491 875 1586 913 fibra:
1615 875 1835 915 adscendunt

256 934 372 972 versus
426 935 538 973 finum
587 935 887 984 longituiliusliem
909 963 917 977 ‚
980 939 1115 983 percpe
1167 935 1295 972 falcem
1344 935 1376 972 se
1405 933 1565 984 palmatae
1608 934 1827 973 diffundunt.

259 992 330 1029 Has
364 996 517 1032 anterius
547 990 819 1042 uullas‘reperi.
900 992 1029 1030 Earum
1063 993 1251 1041 postremae
1302 993 1375 1029 fere
1425 993 1521 1029 reilae
1557 992 1776 1031 adscendunt
1815 1006 1834 1031 a

253 1053 510 1098 conjunclione
546 1062 628 1089 cum
654 1053 811 1089 tentorio
833 1080 841 1093 ‚
877 1064 998 1101 eatque
1015 1064 1097 1090 cum
1127 1051 1222 1088 fibris
1255 1053 1400 1089 tentorii
1439 1053 1726 1096 continuantur3
1779 1064 1835 1089 ea-

253 1121 405 1159 rumque
430 1112 503 1148 aiis:
533 1112 732 1148 antrorsum
759 1111 937 1152 tendunt,
971 1112 1007 1147 in
1039 1110 1193 1146 mediam
1220 1109 1368 1152 falcem,
1409 1109 1600 1146 retrorsum
1631 1110 1703 1146 aliae
1732 1110 1834 1147 incli-

251 1177 398 1211 nantur,
433 1169 535 1218 seque
558 1169 755 1207 transversis
777 1169 980 1206 admiscent.
1047 1169 1120 1206 Sub
1142 1168 1217 1205 sinu
1241 1169 1368 1215 majori
1394 1171 1431 1205 iu
1460 1168 1603 1205 reticula
1628 1169 1769 1206 abeunt.

311 1228 571 1266 Tentorioruin
600 1229 765 1265 cerebelli
798 1230 983 1276 praecipuce
1010 1226 1105 1264 fibrae
1128 1227 1171 1263 ab
1205 1228 1408 1275 originibus
1426 1225 1527 1264 osseis
1555 1227 1714 1275 undique
1756 1237 1832 1264 ver-

253 1285 308 1322 sus
333 1288 627 1334 conjunctionem
658 1299 742 1325 cum
779 1286 867 1324 falce
887 1286 1059 1329 tendunt,
1095 1297 1234 1334 eaeque‚
1267 1297 1346 1335 quae
1376 1298 1394 1323 a
1424 1285 1608 1334 postremo
1644 1284 1750 1322 dorso
1777 1285 1832 1323 os.

251 1343 291 1380 sis
326 1345 455 1393 petrosi
489 1346 699 1388 nascuntur,
743 1346 780 1381 in
802 1345 910 1394 ipsam
945 1345 1072 1382 falcem
1123 1344 1367 1387 adscendunt,
1417 1344 1459 1383 ad
1487 1343 1692 1392 supremum
1722 1343 1831 1382 finem

252 1415 367 1452 usque
396 1405 584 1452 produciae.
658 1404 705 1445 Ea
747 1403 826 1441 sede
868 1404 1034 1452 frequens
1067 1403 1136 1445 est,
1176 1402 1339 1440 dissoluta
1372 1403 1506 1452 reliqua
1541 1402 1637 1439 falcis
1678 1409 1826 1445 natura,

256 1461 429 1499 foramina
447 1475 526 1501 vera
556 1463 647 1501 nasci
665 1492 675 1505 ,
712 1475 775 1515 per
804 1474 882 1513 quae
906 1462 976 1512 ipsa
995 1462 1131 1500 cerebri
1157 1461 1447 1511 hemisphaerium
1480 1461 1647 1500 dextrum
1681 1473 1763 1502 cum
1789 1460 1830 1499 fi-

250 1520 361 1558 nistro
385 1522 568 1558 conservet
585 1522 671 1569 (p).

309 1578 448 1617 Verum
474 1579 510 1617 id
544 1580 763 1628 potissimum
796 1578 993 1616 tenendum
1026 1579 1094 1621 est,
1129 1580 1167 1616 in
1190 1579 1361 1617 omnibus
1389 1577 1442 1614 his
1477 1576 1573 1615 fibris
1602 1576 1689 1614 nihil
1716 1578 1825 1619 rubri,

251 1649 370 1686 neque
398 1640 515 1675 carnei
536 1639 614 1686 (q)
642 1639 766 1676 locum
794 1637 923 1674 habere
943 1665 952 1679 ‚
995 1636 1052 1674 sed
1087 1649 1187 1686 pares
1224 1637 1297 1673 fere
1319 1635 1529 1679 lacertulos,
1563 1635 1682 1684 quales
1712 1638 1748 1672 in
1774 1635 1829 1673 os-

252 1694 342 1732 fium
370 1698 547 1739 vinculis,
590 1697 864 1744 ligamentisque
894 1695 1127 1732 articulorum
1167 1694 1287 1744 paffim
1329 1694 1553 1743 vulgatissimi
1591 1695 1826 1742 reperiuntur.

250 1751 364 1799 Etiam
389 1757 426 1792 in
453 1754 669 1793 validissimis
694 1756 901 1793 animalium
933 1766 980 1791 eae
1003 1753 1098 1791 fibrae
1131 1753 1305 1792 cellulosae
1328 1760 1461 1791 naturae
1480 1761 1622 1791 tenaces
1644 1752 1748 1799 sunt(
1759 1749 1819 1802 r).

372 1866 403 1906 ἓ.
441 1863 567 1901 VIII.
636 1862 759 1912 Vapor
789 1863 882 1899 inter
912 1863 1038 1900 duram
1068 1861 1307 1904 membranam
1357 1859 1402 1905 ἓξ
1431 1861 1706 1899 arachnoideam.

252 1970 253 1973 ’
311 1970 425 2009 Durae
452 1971 670 2008 membranae
696 1970 800 2008 facies
833 1970 983 2006 interior
1013 1970 1056 2007 ab
1096 1967 1333 2006 arachnoidea
1364 1967 1472 2005 libera
1502 1968 1665 2010 diffidet,
1710 1978 1828 2017 neque

255 2041 344 2075 cum
373 2042 437 2071 ea,
481 2032 621 2079 quoties
643 2030 917 2079 integerrimum
944 2039 1076 2077 corpus
1105 2027 1178 2070 est,
1234 2025 1298 2065 nist
1336 2036 1400 2075 per
1429 2025 1588 2072 vasa(s)
1632 2024 1826 2074 sanguinea

1711 2083 1828 2122 cohae-

294 2193 335 2225 (o
350 2193 363 2225 l
383 2192 491 2223 Similia
508 2191 594 2223 habet
616 2192 637 2221 C
650 2202 668 2221 0
683 2203 728 2221 ιι.
741 2202 783 2221 IN
795 2202 808 2222 ς
836 2202 862 2231 p.
884 2196 952 2228 980.
974 2200 1010 2221 an
1038 2200 1075 2220 ex
1099 2189 1244 2220 observata
1265 2174 1364 2219 natura
1401 2187 1505 2219 nescio.
1562 2187 1678 2220 Paulum
1716 2187 1826 2219 diverso

250 2234 339 2263 trodo
358 2233 380 2261 V
393 2244 405 2264 1
422 2243 464 2263 Eu
479 2243 491 2263 s
502 2243 514 2263 s
525 2243 541 2262 ε
555 2242 573 2262 κ
586 2243 598 2262 s
618 2243 646 2270 p.
665 2242 688 2271 3.
710 2233 825 2270 oblique
851 2242 952 2270 nempe
978 2233 1104 2262 internas
1128 2230 1266 2262 decussari
1297 2230 1332 2261 ab
1346 2230 1480 2261 externis.
1845 2238 1848 2239 ⁷

289 2274 356 2351 ((ἒζ
387 2283 475 2343 pl'x‘gg'
490 2313 545 2344 effe
568 2312 735 2344 musculosas
762 2313 785 2343 F
799 2323 820 2342 A
835 2322 857 2342 N
872 2321 892 2341 τ
909 2321 1016 2343 onus
1048 2312 1084 2343 ad
1125 2311 1288 2342 Pacem
1303 2320 1383 2342 oNu
1397 2319 1421 2341 M
1456 2320 1483 2349 p.
1497 2318 1564 2346 204.
1585 2308 1658 2348 seqq.
1709 2309 1825 2341 Law-

248 2363 360 2384 RBNC
373 2364 387 2383 n
413 2354 532 2390 praelect.
552 2354 572 2384 1.
611 2365 635 2389 ps
658 2357 684 2383 6.
708 2363 736 2390 7.
1342 2377 1346 2383 Δ

291 2393 304 2427 (
315 2395 353 2427 r)
386 2395 441 2424 ΚΛ
457 2405 475 2424 A
491 2406 507 2425 u
523 2405 548 2424 w
573 2396 660 2425 Nov..
688 2397 792 2424 Comm.
813 2393 1028 2431 Acampetrop.
1047 2392 1086 2426 T.
1102 2392 1124 2422 1.
1147 2402 1175 2431 p.
1197 2401 1261 2431 354.
1285 2402 1320 2423 ex
1339 2391 1507 2430 Elephanto.

292 2434 355 2474 gs)-
379 2435 563 2474 pmsas
590 2439 660 2476 μό.
708 2435 958 2477 PAccnion.
981 2435 1017 2466 ad
1041 2433 1273 2477 Spano-eei<
1297 2443 1324 2472 p.
1343 2442 1411 2473 1¹3-
1444 2432 1504 2465 Fila
1521 2440 1581 2463 non
1603 2430 1676 2464 bene
1697 2428 1785 2468 addit2
