1895 2650
524 132 1390 175 SECT.IV.UT1L1TAS.
1635 146 1710 183 573

414 262 446 303 ἓ.
482 254 518 295 V
536 257 550 295 1
570 258 595 295 l.
658 257 835 294 Humores
866 256 1016 302 corporis
1047 255 1192 292 humani
1218 262 1438 304 promovent.

196 378 404 424 Quomodo
442 378 684 416 musculorum
718 384 838 415 motus
865 377 1073 425 sanguinem
1109 378 1288 425 impellat,
1329 378 1516 426 aliquoties
1547 376 1624 423 (c)
1661 378 1713 414 di-

135 438 253 475 ximus
271 466 280 479 ,
327 446 403 474 tum
446 438 615 474 venosum
634 435 711 484 (d)
729 465 737 478 ,
779 444 857 474 tum
886 436 1092 472 atteriosum
1117 437 1233 484 ipsum
1253 439 1332 481 (e).
1399 436 1451 474 lta
1471 436 1713 474 musculosum

134 496 322 543 cingulum
355 496 639 533 abdominalium
670 495 905 542 obliquorum
936 506 1018 531 cum
1053 495 1276 537 transverso,
1315 502 1435 533 totum
1465 495 1644 531 abdomen
1675 496 1712 530 &

134 556 283 590 omnina
307 555 384 600 ejus
414 555 540 591 viscera
568 554 721 590 diximus
750 552 827 601 (f)
864 560 1025 594 coercet,
1063 553 1097 588 &
1130 555 1365 601 comprimit,
1415 563 1454 591 ut
1481 553 1618 601 sanguis
1645 555 1712 590 mi-

133 624 200 649 nus
227 614 270 649 ad
301 613 488 655 inferiora,
525 605 569 649 ad
597 612 773 660 superiora
810 613 946 659 magis,
987 611 1103 660 adque
1143 622 1207 647 cor
1242 613 1276 648 &c
1323 618 1430 660 caput
1474 613 1596 649 tendat
1619 612 1706 658 (g).

131 670 219 707 Inde
244 673 281 707 in
311 673 449 708 vomitu
477 672 581 708 rubra
618 672 652 707 &
688 670 833 707 caerulea
856 670 959 706 facies
977 697 986 711 ,
1024 671 1058 706 ἃ
1084 670 1245 713 tumida,
1275 670 1440 719 &ruptae
1466 670 1566 707 facile
1600 682 1706 707 venae.

131 727 185 766 Eo
213 730 246 766 &
275 729 348 766 aliae
377 730 622 780 exspirationis
655 731 746 766 vires
765 729 1001 766 consentiunt.

190 786 242 825 Ita
270 788 378 836 hepar
404 796 618 830 evacuatur,
659 789 694 825 δι
722 788 813 830 lien,
849 799 1005 836 quorum
1036 784 1209 824 viscerum
1236 785 1376 834 sangnis
1407 785 1594 824 lentiffime
1631 798 1710 823 mo-

131 854 257 887 vetur,
305 847 347 883 ἃ
383 847 522 894 sanguis
551 858 614 896 per
640 846 839 883 mesenterii
869 845 943 882 vasa
968 845 1152 883 accelerari
1185 845 1344 887 videtur,
1390 857 1453 895 per
1485 846 1711 893 experimen-

130 911 208 942 tum
231 904 317 942 illud
343 905 406 942 Bo
422 917 547 942 enim
564 917 678 941 AvrA
697 917 720 941 N
738 918 758 941 υ
777 917 825 946 Μ,
869 916 943 954 quo
975 904 1173 940 ostenditur
1189 931 1198 945 ‚
1241 903 1387 940 dissefiis
1411 904 1614 940 abdominis
1631 916 1711 942 mu-

127 963 230 1000 sculis
267 963 339 1000 vasa
373 964 568 1000 mesenterii
595 962 754 1000 crassiora
776 962 877 999 reddi
912 964 946 998 &
970 961 1220 1006 varie-osam).
1286 961 1443 998 Viciffim
1463 962 1705 1010 diaphragma,

128 1021 292 1058 deorsum
322 1022 467 1072 quidem
497 1021 624 1058 viscera
658 1030 787 1067 urget,
823 1021 858 1056 δι
891 1020 1070 1056 abdomen
1098 1021 1208 1056 inanit
1230 1020 1307 1066 (lst
1320 1020 1345 1065 ).
1421 1019 1490 1056 Sed
1524 1022 1628 1056 etiam
1657 1032 1710 1056 re-

127 1080 270 1128 spiratio
304 1079 464 1116 submissa
490 1079 533 1116 ad
564 1079 756 1128 pulmones
786 1080 888 1126 copia
923 1077 1102 1125 sanguinis
1126 1079 1273 1124 majori,
1308 1078 1531 1125 frequentior
1557 1078 1616 1121 fit,
1654 1080 1708 1115 in-

128 1138 245 1186 deque
281 1137 459 1185 sanguinis
492 1139 661 1175 circuitus
694 1149 787 1174 nova
825 1137 861 1172 &
886 1135 1072 1173 accessoria
1102 1137 1137 1171 vi
1161 1137 1326 1173 incitatur
1357 1137 1432 1182 (i),
1513 1135 1602 1173 Inde
1643 1148 1706 1174 cor

125 1197 299 1235 athleticis
329 1196 551 1234 'animalibus
601 1197 637 1233 &
685 1196 917 1232 vehementer
944 1206 1076 1243 corpus
1109 1195 1358 1231 exercentibus
1386 1195 1499 1241 majus
1530 1195 1586 1243 (le
1612 1195 1643 1242 ).

185 1255 334 1293 Motum
360 1257 429 1292 cibi
454 1255 675 1303 faecumque,
712 1254 748 1290 &
777 1253 890 1295 fetus,
922 1254 971 1289 vis
999 1253 1206 1302 peristaltica
1235 1261 1440 1302 promovet.

184 1314 276 1351 Sunt
301 1315 405 1350 etiam
434 1315 629 1350 minutiora
662 1311 907 1349 musculorum
942 1313 980 1348 in
1017 1311 1188 1358 sanguine
1216 1312 1432 1353 retinendo,
1468 1311 1705 1351 &incitando

125 1371 265 1415 officia,
295 1372 464 1421 exemplo
502 1374 656 1420 partium
687 1370 918 1418 genitalium,
957 1371 993 1406 in
1020 1371 1149 1419 quibus
1180 1378 1322 1412 tumor,
1368 1371 1480 1406 rubor
1515 1371 1549 1406 &
1584 1370 1701 1414 calor,

125 1431 160 1467 &
190 1432 254 1468 alia
283 1432 418 1467 incitati
455 1439 575 1468 motus
603 1429 789 1477 sanguinei
822 1428 1058 1477 phaenomena
1072 1429 1312 1471 adnotantur,
1348 1441 1426 1478 quae
1446 1428 1640 1466 creduntur
1658 1441 1704 1466 ex

121 1489 291 1528 musculis
321 1489 424 1526 nasci.

183 1547 268 1596 Ipsae
291 1548 437 1585 demum
465 1549 659 1585 teneriores
690 1555 823 1583 carneae
853 1545 948 1582 fibrae
991 1544 1198 1592 sanguinem
1237 1544 1357 1594 paslim
1385 1552 1630 1593 promovent:
1666 1546 1704 1583 δι

122 1614 266 1648 uterus,
303 1618 411 1653 quem
449 1608 639 1654 graviditas
676 1605 848 1651 sanguine
890 1603 1024 1640 venoso
1053 1605 1235 1651 implevit,
1285 1617 1303 1640 a
1346 1605 1512 1640 fibrarum
1561 1603 1702 1641 suarum

118 1666 157 1702 vi
183 1664 377 1702 contraeiili
398 1666 577 1705 inanitur,
615 1671 654 1699 ut
681 1664 755 1708 ejus
783 1673 880 1698 venae
910 1661 1117 1708 undecuplo
1147 1661 1179 1697 se
1215 1660 1293 1708 ipfis
1316 1663 1474 1699 minores
1495 1662 1698 1699 reddantur.

181 1722 408 1760 Coiitraciilis
452 1721 529 1758 telae
561 1719 734 1757 cellulosae
771 1721 846 1760 vis,
905 1717 965 1753 etfi
1016 1718 1169 1765 exigua,
1231 1728 1406 1766 perpetuo
1455 1728 1573 1756 tamen
1606 1721 1695 1757 dum

121 1790 300 1830 operatur,
325 1779 399 1817 vasa
420 1779 591 1816 viscerum
614 1779 804 1818 omnium,
834 1777 869 1812 ὃς
903 1775 974 1812 fere
1004 1778 1167 1824 corporis
1184 1778 1294 1813 torius
1315 1779 1361 1814 ita
1376 1778 1525 1825 religat,
1555 1784 1594 1814 ut
1608 1774 1692 1815 cum

121 1840 359 1877 determinato
389 1837 528 1876 lumine
572 1847 691 1885 neque
722 1833 828 1872 nimis
872 1833 1085 1871 humoribus
1121 1834 1188 1871 suis
1214 1834 1390 1878 refluant,
1435 1847 1550 1884 neque
1587 1837 1692 1872 nimis

921 1891 954 1929 C
975 1902 994 1928 c
1025 1902 1080 1931 cc
1111 1901 1114 1904 ·
1146 1904 1163 1937 3
1558 1905 1684 1942 parum

215 2050 228 2087 )
256 2049 278 2079 L
306 2048 355 2078 m.
382 2058 407 2086 p.
429 2057 495 2081 τος.
540 2047 570 2078 L.
592 2046 936 2086 V1.p.216.217.327.

216 2092 229 2125 )
263 2091 290 2121 L.
314 2089 359 2118 Vl.
383 2099 400 2126 p
428 2098 492 2126 327.

209 2132 222 2166 )
250 2130 279 2160 L.
299 2129 343 2158 Vl.
374 2130 562 2167 p.216.2r7.

179 2171 220 2208 f)
249 2180 275 2208 p.
295 2170 362 2199 218.

188 2213 230 2248 g)
261 2210 335 2239 Hinc
355 2208 502 2238 cerebrum
522 2207 683 2240 intumescit
707 2209 740 2238 de
760 2214 839 2249 quotu
855 2206 1007 2248 fiinguinis
1031 2207 1106 2239 Se&
1123 2205 1176 2237 lx.

188 2252 231 2286 h)
261 2252 326 2286 Exp.
349 2259 395 2284 45.
415 2259 478 2280 ποι.

206 2293 244 2326 ⁸)
268 2290 296 2320 L.
314 2289 387 2318 Vlll.
415 2299 442 2326 p.
464 2289 528 2325 360.

186 2331 219 2368 i)
242 2330 272 2361 L.
290 2329 366 2361 Vlll.
390 2339 418 2367 p.
438 2333 501 2366 296.
518 2337 586 2367 297.

186 2060 201 2080 C

187 2093 205 2119 d

187 2142 200 2160 e

187 2293 204 2319 L·

159 2050 176 2367 esan-§Arsam
