1864 2660
170 134 252 176 566
418 128 659 170 LIB.XI.
722 130 1022 171 MOTUS
1083 127 1528 173 ANIMALIS.

169 237 173 242 ⁴
215 221 435 272 Oppositum
477 232 642 267 motum,
695 237 770 276 quo
812 226 1029 275 impeditur,
1084 240 1129 265 ne
1157 228 1272 265 femur
1317 229 1353 265 &
1391 226 1501 276 pelvis
1541 225 1740 264 antrorsum

158 281 336 324 ducatur,
374 283 409 319 δε
443 285 685 331 procumbat,
725 285 836 324 edunt
869 284 1019 322 flexores
1047 288 1140 323 tibiae
1181 287 1367 335 bicipites,
1415 285 1726 323 semimembrano.

163 341 243 383 sus,
282 340 572 379 semitendinosus
600 344 633 379 &
660 342 819 391 gracilis,
864 346 947 392 qui,
987 353 1160 392 quantum
1196 345 1271 382 satis
1289 345 1357 386 est,
1391 344 1523 391 pelvim
1546 345 1579 380 &
1612 343 1729 380 femur

120 418 126 423 -
171 399 362 437 retrorsum
398 400 563 443 trahunt,
601 413 646 438 ne
674 402 872 439 antrorsum
905 402 1110 450 prolabatur
1131 404 1228 451 (p).
1293 404 1406 441 Iidem
1438 402 1587 439 musculi
1623 404 1729 439 etiam

174 451 280 494 laiera
322 471 418 506 genu
440 459 659 504 defendunt,
698 473 743 497 ne
774 461 817 497 ad
858 461 1067 498 alterutrum
1097 462 1335 500 latus-femur
1366 460 1521 498 labascat.

220 516 369 554 Femora
405 517 546 554 homini
584 520 723 566 magis,
759 531 866 568 quarn
904 519 966 556 ulii
993 521 1134 558 animali
1178 521 1366 557 divaricata
1397 519 1500 561 sunt,
1554 518 1589 554 &
1617 530 1729 566 angu-

165 574 240 618 lus,
281 589 388 624 quem
413 577 547 615 collum
583 578 729 615 femoris
758 590 841 615 cum
877 589 1030 625 corpore
1069 581 1143 627 ejus
1181 578 1261 617 ossis
1294 580 1497 626 intercipit,
1556 577 1617 614 soli
1659 578 1726 615 ho-

155 635 243 670 mini
275 634 358 671 serni
387 636 481 672 resto
511 638 646 674 vicinus
680 637 737 673 est.
804 637 854 674 Ita
886 637 1090 680 obtinetur,
1124 639 1169 676 'ut
1196 638 1311 687 ampla
1343 636 1428 675 bafis
1457 636 1516 678 sit,
1553 648 1630 684 quae
1654 635 1727 683 pel-

147 694 220 730 vim
248 692 349 741 super
385 693 454 731 ossa
493 694 639 732 femoris
677 695 848 733 sustineat.
927 695 985 732 Ne
1020 708 1106 733 vero
1140 697 1250 745 pelvis
1288 694 1487 733 antrorsurn
1529 695 1723 737 relabatur,

155 763 173 787 a
197 752 362 789 musculis
403 753 541 801 glutaeis
570 753 790 802 potissimum
828 761 993 796 cavetur,
1031 757 1185 802 quieam
1215 755 1258 792 ad
1284 754 1419 792 firmata
1443 754 1578 789 femora
1600 760 1730 790 retror-

147 809 222 847 sum
247 810 432 848 reducunt.
495 811 553 848 Ne
598 813 720 849 eadem
750 813 939 849 retrorsum
963 813 1155 851 inclinetur
1174 816 1280 850 nimis
1297 841 1306 856 ,
1345 822 1513 860 naresque
1532 818 1658 848 terram
1680 811 1729 848 fe-

147 871 239 905 riant
272 869 389 916 (q),
432 871 474 907 ab
502 871 626 908 iisdem
659 871 905 910 extensoribus
935 872 1048 915 tibiae,
1102 873 1197 911 ret‘to
1228 871 1449 925 potissimum
1468 898 1478 913 ,
1511 870 1546 907 ἃ
1573 882 1592 908 a
1619 869 1730 907 sodali

152 929 226 974 ejus
254 927 444 977 iliacopsoa
479 930 673 967 obtinetur.
1587 958 1592 962 -
1642 970 1647 977 >.

207 985 322 1023 Pelvis
345 988 522 1036 reliquum
545 996 664 1025 totum
716 1000 847 1037 corpus
878 989 1030 1027 sustinet.
1107 989 1147 1027 Id
1193 988 1256 1026 fibi
1284 986 1487 1036 permissum
1529 985 1727 1024 antrorsum

148 1043 259 1086 labat,
291 1057 375 1082 cum
402 1047 570 1083 vertebrae
598 1039 809 1085 lumborum
847 1048 1046 1085 antrorsum
1077 1047 1168 1086 flesti
1204 1046 1356 1096 possint,
1409 1045 1603 1083 retrorsum
1637 1043 1728 1081 fleffi

149 1112 347 1151 nequeant:
379 1116 460 1141 cum
489 1113 654 1152 praeterea
679 1112 811 1154 caput,
850 1107 885 1142 ἃ
904 1106 1133 1144 brachiorum
1150 1105 1361 1154 plerumque
1383 1104 1505 1141 solitus
1531 1103 1636 1145 situs,
1692 1103 1729 1139 δι

149 1162 322 1199 viscerum
356 1162 559 1200 abdominis
595 1171 717 1202 tumor
741 1163 941 1203 antrorsum
966 1176 1097 1214 corpus
1132 1164 1275 1202 ducant.
1340 1163 1380 1202 In
1409 1163 1537 1201 faciem
1551 1162 1638 1199 hinc
1654 1160 1728 1198 fere

149 1221 301 1263 cadunt,
340 1222 402 1269 qui
432 1229 565 1259 naturae
587 1223 618 1259 se
644 1224 865 1271 permittunt.

207 1279 303 1327 Ergo
336 1279 511 1317 fortissimi
539 1281 688 1319 musculi
715 1281 917 1320 extensores
948 1283 985 1319 in
1017 1281 1112 1331 pelvi
1138 1281 1300 1324 fundati,
1345 1281 1448 1330 super
1488 1292 1566 1319 eam
1596 1278 1730 1317 immm

148 1346 219 1375 tam
251 1334 380 1387 corpus
412 1339 604 1377 retrorsum
634 1341 785 1383 ducent,
823 1340 1115 1384 sacrolumbales,
1162 1338 1397 1389 longissimi,
1425 1346 1480 1378 tot
1513 1340 1602 1381 alii,
1633 1349 1726 1388 quos

147 1399 434 1435 enumeravimus
461 1398 560 1446 (r).
639 1399 877 1443 Antrorsum,
915 1412 997 1438 cum
1041 1411 1086 1437 eo
1120 1399 1245 1449 sponte
1276 1400 1429 1447 pendeat
1463 1427 1473 1441 ,
1520 1409 1651 1447 corpus
1685 1397 1728 1435 ab

148 1457 256 1492 nnico
288 1455 450 1494 musculo
485 1458 674 1507 iliacopsoa
703 1458 871 1502 ducitur,
920 1460 955 1496 ὃς
982 1459 1148 1497 hactenus
1176 1472 1194 1497 a
1224 1459 1323 1496 tediis
1364 1457 1574 1495 abdominis.

206 1513 399 1557 Vertebrae,
433 1528 495 1564 per
524 1516 603 1557 suos
625 1517 828 1555 extensores
856 1517 1136 1567 retrorsum(5)
1174 1518 1307 1560 ductae,
1338 1517 1486 1555 demum
1515 1514 1728 1553 fundamen-

148 1579 225 1610 tum
258 1575 363 1622 capiti
397 1575 568 1622 praestant.
648 1575 685 1612 ld
710 1589 792 1614 cum
824 1576 935 1624 longe
964 1576 1164 1614 antrorsurn
1198 1577 1289 1614 ultra
1323 1576 1607 1614 articulationem
1642 1585 1726 1611 cum

147 1632 278 1668 atlante
309 1633 554 1680 producatur,
596 1634 631 1669 &c
665 1633 861 1671 dormienti
888 1634 1014 1682 sponte
1056 1633 1256 1671 antrorsum
1288 1633 1423 1682 semper
1446 1632 1616 1672 labascat,
1647 1631 1727 1680 plu-

149 1691 247 1726 rimis
275 1691 404 1727 iterum
430 1691 488 1727 hic
520 1691 768 1729 extensoribus
803 1693 928 1740 eguit,
968 1693 1055 1741 qui,
1089 1703 1108 1728 a
1133 1690 1241 1739 spinis
1283 1691 1319 1728 ἃ
1348 1703 1366 1728 a
1411 1689 1611 1728 transversis
1643 1701 1728 1738 pro*

146 1748 292 1786 ceffibus
319 1749 403 1786 colli
425 1748 590 1799 dorlique
625 1751 719 1792 nati,
757 1749 950 1789 retrorsum
985 1757 1093 1800 caput
1120 1749 1257 1788 ducunt
1278 1762 1291 1786 ε·
1325 1761 1407 1787 cum
1439 1757 1564 1786 contra
1585 1756 1723 1786 antror-

146 1807 220 1844 sum
249 1820 266 1845 a
307 1807 537 1856 paucissimis,
585 1809 622 1846 δε
649 1809 767 1846 multo
789 1809 1021 1846 debilioribus
1058 1809 1223 1846 carnibus
1260 1804 1476 1850 inclinetur,
1524 1807 1621 1846 redito
1653 1819 1726 1847 ma<

146 1867 243 1912 jori,
286 1866 444 1909 minori,
479 1866 594 1915 longo
630 1867 725 1905 colli.
791 1867 916 1906 Latera
949 1868 1033 1905 colli
1074 1869 1180 1904 etiam
1207 1865 1335 1906 scaleni
1362 1874 1518 1912 tuentur,
1553 1866 1682 1915 aliique
1704 1878 1724 1904 a

145 1924 364 1973 processibus
392 1925 595 1963 transversis
631 1928 701 1964 orti
726 1926 899 1968 musculi,
958 1928 1021 1976 qui
1041 1926 1211 1978 opposito
1246 1928 1335 1966 nixu
1367 1932 1508 1970 vetant,
1545 1937 1591 1963 ne
1610 1926 1649 1963 in
1677 1925 1725 1963 la-

146 1990 202 2022 ,tus
241 1995 316 2020 non
345 1983 447 2022 suum
474 1985 608 2023 collum
637 1992 698 2024 aut
728 1992 835 2035 caput
860 1991 971 2023 nutet.
1578 2004 1582 2007 -

1646 2041 1725 2081 Tot

165 2142 254 2188 sp)
282 2146 415 2176 Admittit
436 2148 616 2179 Bonum
649 2150 730 2188 Prop.
749 2149 815 2186 136.
843 2150 873 2180 L.
889 2147 911 2179 1.

156 2228 162 2231 -
187 2189 254 2225 (q)
292 2188 385 2226 Nagat
412 2188 591 2219 Bosserrus
606 2189 623 2219 i.
640 2200 663 2220 c.
718 2190 774 2221 Sed
803 2189 1060 2229 frequentissimum
1091 2189 1183 2229 lapsus
1207 2192 1296 2229 genus
1317 2190 1379 2227 est,
1411 2194 1444 2220 ut
1465 2189 1494 2219 in
1516 2192 1618 2219 terram
1640 2187 1725 2235 inviti

145 2227 405 2304 ‹ieffleffnfflsvm
434 2270 468 2298 de
492 2267 673 2307 respiratione.
732 2270 900 2302 Extensores
923 2272 952 2301 in
974 2271 1094 2303 statione
1120 2278 1208 2311 agunt
1225 2273 1314 2312 magis
1330 2271 1499 2304 GALENUS
1516 2270 1548 2300 de
1567 2269 1719 2309 util.part.

145 2306 179 2345 L.
197 2319 240 2342 ¹5-
271 2319 294 2339 c.
314 2316 339 2344 g.
371 2317 418 2339 aut
436 2310 484 2339 soli
500 2310 678 2341 Boautus
698 2311 716 2342 l.
732 2322 756 2341 c.

183 2348 250 2384 ss)
289 2350 459 2385 Extensores
483 2351 556 2382 dorsi
574 2351 753 2384 valentissimi
775 2352 917 2384 Cowrsn
934 2353 971 2385 ad
989 2353 1022 2385 T.
1039 2357 1086 2392 88.
