1864 2660
169 141 245 183 563
471 127 597 170 ΜΒ.
635 130 718 169 XI.
801 128 1052 211 Mtorus
1098 120 1449 168 ANIMA'LIS.

162 228 330 268 musculis
362 226 476 264 femur
503 226 710 263 levantibus.
777 224 942 263 Solemus
973 224 1139 271 adjuvare
1174 236 1255 261 eum
1279 231 1446 266 motum,
1486 223 1631 272 quando
1653 234 1670 261 a
1688 222 1742 262 so-⁴

161 289 193 326 la
219 298 339 324 natura
363 286 501 326 edocti,
536 286 758 332 imaginarias
785 284 908 320 decori
939 283 1034 330 leges
1073 294 1148 319 non
1165 282 1388 319 adfestamus.
1454 281 1592 320 Totum
1611 294 1741 329 nempe

163 355 331 384 truncum
359 345 545 392 corporis,
581 344 683 391 super
709 343 824 379 femur
852 342 951 391 pedis
982 343 1097 378 dextri
1110 342 1253 377 immoti
1273 340 1445 382 firmum,
1474 340 1672 378 antrorsum
1691 342 1744 376 in-

163 407 362 445 clinamus:
396 411 474 440 tum
504 414 564 449 per
604 403 860 439 relaxationem
906 401 1177 436 determinatam
1205 399 1457 437 extensorum:
1526 409 1603 436 tum
1640 399 1744 436 iliaco

162 465 256 514 psoae
286 463 341 500 sed
365 462 458 498 firmi
485 461 597 498 lateris
626 461 764 497 afflone
783 488 792 502 ,
836 460 871 495 δι
907 459 993 496 recti
1037 458 1240 495 abdominis
1265 457 1356 506 (c),
1406 458 1616 504 &demum
1651 457 1743 493 obli-

163 535 330 572 quorum.
396 520 447 557 Ita
475 519 586 556 solent
609 519 769 568 alpicolae
814 517 894 554 suos
935 525 1077 554 montes
1125 516 1389 558 conscendere,
1424 528 1578 564 corpore
1606 523 1744 552 antror-

163 582 239 619 sum
266 580 382 621 flexo,
416 590 558 626 neque,
593 580 644 616 uti
683 589 749 614 nos
792 577 955 624 fatigari,
1008 577 1069 625 qui
1098 576 1231 613 rectum
1262 577 1424 624 corporis
1473 574 1577 612 fitum
1619 574 1743 611 decori

164 641 251 690 quid
277 640 405 675 habere
429 638 532 674 nobis
567 636 766 685 persuaderi
793 634 945 672 sivimus.

223 699 334 736 Nunc
359 697 506 745 quidem
536 707 690 744 corpore
713 693 912 731 antrorsum
940 692 1114 730 inclinato
1156 690 1347 729 necessario
1381 691 1602 734 laberemur,
1652 689 1744 727 linea

163 770 227 807 per
251 765 414 794 centrum
442 756 622 802 gravitatis
641 753 742 791 dusta
772 764 871 789 nunc
891 760 972 788 ante
1003 751 1131 800 pedem
1160 750 1273 788 fixum
1298 751 1342 788 ad
1377 757 1504 787 terram
1535 750 1745 800 pervenien-

163 825 220 859 te,
257 816 292 852 ἃ
325 815 482 851 cadimus
515 825 624 855 vere,
659 811 683 848 fi
713 811 889 849 offensum
926 810 1151 859 pedem(d)
1180 810 1350 847 dextrum
1382 809 1601 857 negligimus
1626 806 1745 844 firma-

164 888 210 912 re.
278 872 415 910 Verum
448 870 555 914 sani,
578 873 612 908 &
631 871 766 907 adtenti
790 871 935 911 animo,
966 869 1096 917 pedem
1127 869 1297 905 dextrum
1327 879 1435 910 nunc,
1470 866 1631 903 relaxatis
1669 878 1748 903 mu-

164 933 267 971 sculis
285 931 521 969 elevatoribus
537 959 546 973 ,
581 930 776 967 flexoribus
803 937 929 966 contra
949 928 1161 975 agentibus,
1195 928 1230 963 in
1258 935 1385 964 terram
1403 926 1615 963 dimittimus
1640 925 1739 970 (e),

167 1000 208 1030 ut
236 992 326 1028 linea
347 989 648 1040 perpendicularis
666 990 757 1025 inter
783 999 866 1025 eum
897 986 1101 1035 pedemque
1121 984 1295 1023 sinistrum
1314 984 1423 1022 cadat.
1447 983 1595 1022 Terram
1619 993 1744 1032 porro,

167 1058 206 1089 ut
240 1051 356 1100 priuS,
401 1047 579 1085 flexorum
616 1047 814 1095 digitorum
840 1045 979 1083 afflone
1005 1043 1100 1093 quali
1132 1042 1485 1095 comprehendimus

679 1157 713 1198 ἓ.
746 1152 817 1191 IV.
888 1150 1023 1201 Cursus.
1088 1149 1212 1188 Saltus.

217 1267 309 1306 Non
336 1264 442 1303 unice
470 1263 646 1302 celeritate
667 1268 787 1299 motus
818 1273 835 1299 a
851 1259 968 1310 gressu
990 1259 1130 1302 differt,
1161 1258 1219 1296 sed
1243 1258 1349 1296 etiam
1370 1256 1494 1296 modo.
1558 1257 1645 1299 Pes,
1686 1258 1749 1308 qui

162 1327 319 1365 elevatur
354 1335 417 1376 per
438 1322 584 1361 suralem
618 1321 848 1364 musculum,
893 1321 928 1357 &
964 1318 1098 1356 sodales
1130 1318 1440 1366 gastrocnemios‚
1475 1319 1521 1354 ita
1552 1318 1750 1356 retrorsum

162 1386 319 1424 elevatur
351 1384 386 1420 &
417 1382 670 1424 adbreviatur,
706 1388 744 1418 ut
778 1381 898 1429 primo
923 1378 1044 1426 digitis
1071 1376 1152 1414 solis
1183 1384 1313 1414 terram
1343 1383 1554 1424 contingat,
1597 1375 1743 1417 deinde,

162 1457 208 1482 ne
237 1443 357 1491 digitis
386 1442 532 1490 quidem
556 1438 664 1488 (f),
708 1439 766 1476 sed
796 1447 892 1476 totus
924 1436 1122 1475 retrorsum
1158 1435 1344 1479 elevetur,
1390 1443 1497 1483 atque
1528 1434 1645 1483 planta
1681 1447 1749 1486 po-

168 1504 313 1540 steriora
337 1500 495 1549 respiciat
530 1497 612 1547 (f't
630 1500 661 1546 ).
707 1497 806 1536 Hinc
831 1496 996 1535 animalia
1025 1494 1120 1533 tarda
1143 1495 1244 1538 sunt,
1276 1506 1355 1544 quae
1374 1494 1444 1531 toti
1464 1493 1547 1542 pedi
1573 1492 1744 1536 insistunt,

160 1568 202 1599 ut
229 1561 344 1598 homo
371 1560 406 1596 δε
433 1559 549 1597 ursus:
585 1558 776 1600 celeriora,
823 1568 901 1605 quae
926 1555 1050 1603 'digitis
1066 1556 1150 1592 totis
1178 1562 1219 1592 ut
1243 1566 1346 1596 aves,
1389 1552 1572 1590 celerrima
1593 1563 1672 1600 quae
1694 1552 1749 1590 so-

161 1621 202 1657 lis
223 1620 421 1667 digitorum
444 1617 613 1665 apicibus,
639 1624 678 1652 ut
700 1627 802 1651 canes
829 1616 864 1650 &
895 1615 978 1661 equi
997 1616 1056 1662 (g
1071 1615 1101 1657 ).

220 1678 278 1715 Sic
311 1678 346 1713 δι
369 1676 476 1716 tibia,
508 1686 574 1722 per
592 1673 672 1710 suos
704 1672 856 1709 flexores
886 1669 1020 1707 sursum
1048 1670 1218 1711 ducitur,
1255 1668 1291 1704 &
1313 1679 1411 1715 genu
1453 1667 1565 1714 magis
1602 1673 1744 1705 antror-

161 1737 238 1775 sum
269 1736 474 1784 prominet,
509 1734 545 1769 δι
581 1731 697 1769 femur
727 1730 864 1768 valdius
894 1730 1023 1778 pariter
1059 1728 1221 1768 levatur,
1256 1736 1296 1764 ut
1325 1724 1449 1773 anguli
1476 1726 1519 1761 ab
1548 1724 1677 1763 offibus
1710 1727 1749 1763 in

159 1794 465 1833 articulationibus
498 1791 622 1840 pedis,
659 1792 764 1832 tibiae,
798 1788 955 1829 femoris,
985 1789 1077 1824 inter
1109 1786 1142 1823 se
1171 1783 1363 1822 commiffis
1387 1785 1512 1821 alterni
1548 1784 1759 1821 evidentius

159 1866 212 1891 res
243 1853 347 1895 fiant,
397 1852 433 1888 Sc
466 1849 606 1887 extensa
634 1849 758 1887 eadem
795 1848 968 1895 majorem
1002 1850 1126 1882 arcum
1164 1844 1288 1882 circuli
1322 1842 1520 1881 describant
1548 1842 1650 1891 supet
1680 1855 1741 1886 ea,

159 1924 238 1962 quae
268 1911 331 1948 fibi
365 1910 444 1949 sunt
476 1921 542 1959 pro
563 1908 697 1956 puncto
729 1907 830 1948 fixo,
865 1914 972 1954 atque
1002 1905 1093 1941 adeo
1129 1904 1257 1950 majori
1287 1901 1398 1951 spatio
1432 1913 1563 1950 corpus
1595 1913 1745 1950 promo-

160 1979 290 2010 veatur.
354 1968 498 2017 Corpus
534 1979 602 2005 una
625 1967 845 2008 evidentius,
881 1963 1142 2002 &inevitabili
1171 1961 1373 2004 indecoro,
1417 1958 1615 1999 antrorsum
1640 1960 1745 1997 libra-

1661 2025 1739 2063 tur,

197 2166 262 2204 (c)
283 2165 437 2196 Tauer
471 2173 498 2202 p.
519 2173 591 2202 4¹5·

198 2208 265 2245 (d)
292 2207 439 2237 Bonum„
473 2206 551 2242 Prop.
579 2215 643 2240 140.

198 2250 263 2285 (e)
290 2247 434 2276 Romu.
478 2247 560 2282 Prop.
586 2245 652 2284 158.

213 2287 274 2325 (f)
305 2288 389 2317 δίκην
415 2286 463 2315 the
485 2286 562 2315 beels.

220 2328 283 2366 s*)
313 2327 458 2357 CowPssa
478 2325 535 2356 tab.
553 2333 598 2356 12.

226 2368 577 2408 g)FA=1ue.‚p.„32.

198 2329 214 2406 ἑ
