1905 2640
236 159 312 196 398
497 150 652 188 LIB.
706 149 752 187 Χ.
817 146 1557 191 CEREBRUMETNERVI.

292 245 362 285 Sed
390 247 495 284 etiam
521 245 666 294 anguli,
685 245 728 283 ad
756 257 847 296 quos
868 246 967 282 nervi
986 243 1196 283 dividuntur
1213 274 1223 288 ,
1250 245 1401 283 minime
1430 245 1510 283 sunt
1539 244 1737 295 ejusmodi,
1765 254 1805 287 ut

234 308 272 345 in
315 308 428 343 rubris
467 304 562 341 vasis.
642 305 787 342 Arteriis
818 306 914 342 enim
947 304 1019 342 fere
1048 306 1183 354 ubique
1213 306 1362 353 anguli,
1417 304 1481 342 sub
1510 307 1640 354 quibus
1669 305 1812 344 findun-

232 374 312 408 tur,
356 366 400 401 ad
425 377 489 402 cor
521 362 760 407 obtunsum,
798 365 892 402 acuti
926 363 1042 400 versus
1072 371 1209 412 partem
1243 377 1261 401 a
1280 364 1390 402 corde
1412 365 1657 402 remotiorem.
1722 365 1810 403 Non

233 427 280 462 ita
306 425 417 460 nervi.
482 422 718 460 Inter-costulis
750 430 897 461 truncus
938 433 1022 460 cum
1050 422 1306 471 splanehnico‚
1351 434 1435 461 cum
1466 423 1632 461 cardiacis
1664 425 1808 468 nervis,

231 495 316 522 cum
341 483 518 532 laryngeis
542 483 695 529 angulos
722 481 807 520 facit
833 481 1001 519 deorsum
1017 509 1027 524 ,
1071 479 1141 518 five
1168 493 1243 531 quo
1269 494 1287 519 a
1314 483 1431 519 trunci
1458 482 1626 520 cerebrali
1670 484 1812 532 origine

228 541 433 584 receditur,
472 544 627 579 omnino
659 548 793 579 acutos.
856 540 960 578 Idem
981 552 1066 577 cum
1094 542 1199 578 ramis
1231 541 1480 583 cervicalibus,
1513 542 1808 591 quintique(z)

232 602 348 651 paris,
388 601 426 638 &
458 601 563 638 ramis
589 601 726 649 ganglii
762 600 944 638 cervicalis
979 598 1089 636 medii
1112 599 1215 650 (a),
1261 599 1414 647 angulos
1437 599 1570 638 sursum
1603 600 1720 639 versus
1754 613 1812 639 ce-

232 661 379 698 rebrum
408 667 533 698 acutos
563 659 682 697 habet·
743 659 773 696 A
800 660 920 707 primo
950 658 1178 696 cervicalium
1211 670 1323 696 nervo
1354 660 1442 695 rami
1480 659 1524 695 ad
1546 659 1808 698 intercostalem

231 719 277 758 ad
295 718 454 767 angulos
489 718 622 756 sursum
653 719 688 755 δε
729 716 898 755 deorsum
926 726 1050 755 acutos
1085 719 1278 755 mittuntur
1299 715 1389 765 (b).
1466 715 1687 755 Viderentur
1720 729 1809 767 ergo

229 780 330 815 nervi
356 779 486 827 partim
515 778 650 815 arteriis
693 775 820 814 similes
848 787 966 814 ramos
1002 776 1187 825 spargere,
1220 778 1351 828 partim
1378 787 1551 815 venarum
1584 787 1687 814 more
1718 778 1810 816 reci-

229 849 314 886 pere
338 837 449 879 alios,
481 835 505 872 fi
537 837 693 873 omnino
732 835 868 885 aliquid
904 847 949 873 ex
969 834 1257 883 angulisliceret
1282 835 1471 873 deducere.

291 894 426 939 Netvi,
461 907 568 945 quam
589 897 740 938 arteriae,
774 896 886 944 magis
908 894 1070 944 plexuosl
1096 894 1196 937 sunt,
1223 893 1574 944 &frequentiffime,
1609 896 1715 932 etiam
1734 898 1811 934 mai

177 946 186 954 ’
231 955 325 992 ximi
360 956 504 997 trunci,
536 956 690 1002 acceptis
723 955 759 991 &
789 952 916 991 emiffis
939 955 1044 991 ramis
1080 955 1355 1002 conjunguntur
1374 982 1385 997 ‚
1426 960 1467 991 ut
1499 954 1537 990 in
1571 953 1704 991 brachii
1729 966 1811 994 cru.

232 1015 350 1063 risque
378 1014 477 1051 venis
502 1012 684 1051 luculenta
713 1013 876 1061 exempla
897 1012 986 1051 sunt.
1049 1011 1153 1060 Lego
1164 1014 1205 1050 ad
1219 1013 1373 1061 angulos
1394 1011 1505 1048 dividi
1525 1013 1806 1062 acutiores(c).

230 1072 300 1110 Sed
332 1072 411 1110 sunt
445 1073 566 1110 omnis
600 1073 741 1120 generis
765 1072 915 1120 anguli,
951 1074 1057 1110 etiam
1087 1071 1288 1117 reffiffl),
1332 1072 1369 1109 &
1399 1070 1611 1119 obtuli(e).

289 1130 461 1181 Denique
487 1132 586 1168 nervi
616 1131 829 1180 plerumque
862 1131 998 1167 arteriis
1025 1132 1185 1167 minores
1215 1129 1319 1172 sunt,
1366 1130 1404 1167 δε
1427 1128 1703 1169 numerosiores.
1764 1128 1811 1168 112

233 1190 379 1228 brachio
409 1198 529 1228 tamen
552 1191 587 1226 &
615 1189 708 1239 pede
740 1189 840 1227 nervi
860 1187 981 1237 paffim
1005 1188 1197 1238 superant,
1227 1189 1264 1225 &
1298 1190 1336 1225 in
1370 1188 1443 1226 fetu
1479 1195 1667 1238 perpetuo.

290 1249 443 1287 Arterias
471 1249 679 1298 frequenter
694 1251 938 1289 comitantur,
972 1249 1165 1287 communi
1195 1246 1361 1285 cellulosa
1384 1246 1453 1284 tela
1486 1258 1570 1285 cum
1592 1249 1633 1285 iis
1659 1247 1805 1285 irretiti:

234 1314 274 1346 ut
299 1309 406 1346 etiam
436 1309 482 1350 ii,
523 1308 585 1356 qui
620 1306 761 1344 solitarii
787 1307 956 1344 videntur
992 1307 1179 1349 incedere,
1223 1308 1382 1344 minores
1415 1307 1557 1344 arterias
1587 1305 1720 1344 sodales
1747 1307 1807 1344 ha-

232 1367 363 1410 beant,
403 1366 573 1415 exemplo
607 1366 768 1414 phrenici
790 1364 871 1413 (f).
952 1364 1096 1403 Fabrica
1126 1376 1383 1415 ramorumque
1419 1364 1593 1402 divilione
1620 1364 1709 1402 mihi
1737 1376 1808 1414 po-

231 1427 312 1469 tius,
347 1437 456 1476 quam
487 1426 523 1462 in
547 1426 696 1468 arteriis,
732 1426 846 1473 magis
881 1425 1064 1462 variabiles
1094 1423 1160 1462 effe
1178 1424 1366 1466 videntur,
1420 1425 1456 1460 in
1491 1423 1610 1462 cordis
1641 1423 1805 1475 inprimit

231 1487 356 1523 nervis.
421 1484 669 1523 Anastomoses
695 1492 909 1522 truncorum
934 1483 1156 1522 diversorum
1185 1481 1471 1532 frequentissimae
1501 1483 1591 1522 sunt.
1700 1474 1703 1477 ¹

290 1544 333 1581 ln
357 1543 433 1582 fetu
459 1555 526 1592 pro
560 1546 729 1592 portione
761 1543 963 1591 corpusculi
998 1544 1167 1585 maximi,
1220 1541 1294 1580 vasa
1333 1553 1474 1579 artuum
1507 1542 1606 1580 mole
1637 1548 1803 1590 aequant:

230 1602 269 1641 in
292 1602 418 1640 adulto
448 1601 599 1638 homine
618 1629 628 1644 ,
676 1613 760 1639 cum
791 1604 909 1639 minus
935 1601 1118 1643 crescant,
1151 1598 1296 1649 poffunt
1309 1600 1423 1639 videri
1456 1602 1583 1639 minui.
1649 1599 1805 1638 Maximi

229 1661 388 1704 adeunt,
415 1672 482 1710 pro
516 1662 706 1709 portione,
743 1659 893 1698 sensoria
919 1661 1083 1710 quaedam
1111 1671 1273 1708 organa,
1318 1667 1358 1697 ut
1395 1659 1572 1701 oculum.
1608 1670 1805 1709 auremque

231 1721 418 1758 internam.
479 1718 576 1757 Inter
619 1720 771 1768 reliquas
802 1722 965 1768 corporis
997 1728 1112 1768 partes
1142 1718 1291 1756 musculi
1336 1719 1517 1766 accipiunt
1555 1717 1806 1767 grandissimos

200 1791 387 1821 ¹nervos,
422 1779 587 1827 interque
611 1789 673 1815 eos
706 1777 780 1816 fere
809 1778 956 1826 lingua:
992 1777 1128 1816 Contra
1156 1776 1309 1819 viscera,
1345 1777 1479 1826 hepar.
1512 1776 1604 1820 lien,
1654 1777 1802 1826 pulmo.

229 1837 303 1888 ipsa
323 1836 486 1875 intestina
517 1838 687 1875 minores.
750 1835 886 1875 Paucos
925 1839 1140 1876 membranae
1175 1839 1212 1873 in
1238 1835 1440 1874 universum
1481 1834 1633 1878 habent.
1683 1835 1805 1873 demta

230 1905 339 1940 cute,
377 1899 435 1934 cui
467 1895 548 1933 sunt
570 1896 726 1946 plurimi.
791 1895 1021 1935 Pauciffimos
1056 1895 1152 1938 ossa,
1190 1897 1226 1933 in
1241 1895 1320 1934 suos
1345 1893 1492 1933 tubulos
1527 1895 1735 1933 arteriarum
1749 1892 1804 1941 soff

229 1954 326 1995 dales
349 1955 553 2005 accipiunt,
589 1953 660 1994 offa
680 1954 786 2005 plana
816 1956 960 2001 nullos,
1002 1957 1067 2008 qui
1094 1956 1346 1996 innotuerint,
1381 1960 1420 1992 ut
1442 1954 1480 1991 in
1505 1955 1638 1993 Granio·

1701 2025 1804 2067 Nulli

267 2170 337 2209 (a)
362 2170 405 2202 Cl:
428 2169 554 2201 Mum
576 2169 610 2202 T.
624 2170 646 2202 1.

269 2213 333 2249 (a)
352 2211 420 2242 Τὼ.
442 2212 646 2242 Axnssnscrx.

268 2252 335 2289 (b)
356 2254 468 2283 Ascua
490 2251 506 2280 f
528 2259 558 2290 4.
578 2254 634 2282 &a

269 2293 329 2330 (c)
352 2290 523 2323 Acutiffimis
535 2313 545 2326 ‚
576 2299 610 2322 ut
623 2299 726 2322 trunco
745 2291 869 2330 paralleli
890 2288 1049 2323 fint'As'ex.
1069 2291 1220 2324 MoNssoo
1241 2287 1318 2330 apud
1333 2287 1544 2321 Canen-unt
1562 2296 1592 2328 p.
1607 2290 1675 2322 226.

269 2333 342 2369 (d)
371 2333 410 2363 Ut
426 2334 456 2362 in
482 2332 614 2371 palatinis
636 2333 665 2362 in
687 2332 744 2362 tab.
770 2331 814 2362 Ill.
835 2333 968 2363 Μεκει.

272 2373 335 2409 (e)
356 2373 396 2403 Ut
420 2373 450 2402 in
471 2372 551 2402 nervi
579 2372 764 2404 intereostnis
784 2374 893 2411 origine
917 2373 1066 2406 cerebrali.

271 2411 332 2452 (s)
350 2412 435 2445 conf.
460 2411 564 2445 fascic.
581 2413 630 2445 lll.
663 2414 719 2446 tab.
747 2413 821 2452 thyr.
844 2420 903 2445 ant.
1392 2413 1410 2430 ⁶
