1885 2650
245 134 331 172 470
557 125 680 166 LIB.
720 125 798 165 XI.
870 124 1108 166 MOTUS
1160 124 1531 165 ANIMALIS.

240 226 365 258 contra
405 232 503 270 aeque
544 221 699 260 validum
742 221 976 260 adversarium
1011 228 1156 260 centum
1193 220 1298 258 libras
1330 227 1482 258 conatur
1512 220 1671 264 elevare,
1729 233 1813 270 quas

241 279 301 316 ille
334 279 525 328 deprimit,
575 293 681 329 quarn
714 281 860 329 quidem
901 282 1073 319 laboravit
1104 281 1195 328 (y),
1265 280 1416 329 quando
1448 280 1582 329 absque
1623 280 1819 319 adversario

252 349 398 376 centum
426 339 529 377 libras
564 351 646 376 vere
679 339 846 377 elevavit.

299 396 340 434 Et
369 398 503 446 absque
529 398 599 435 fine
628 406 728 436 certo
770 399 844 436 hoec
875 399 1011 436 summa
1035 398 1165 435 virium
1202 395 1285 434 esset
1308 396 1568 445 prodigalitas,
1605 386 1728 447 ‘neque
1757 409 1818 436 ex-

235 456 463 505 spetlandum
486 469 504 494 a
529 456 674 494 Naturae
702 457 865 505 sapientia
885 486 893 499 ,
946 458 1121 505 perpetim
1153 468 1279 492 nervea
1309 457 1344 493 vi
1379 455 1519 492 nisnros
1555 456 1731 494 musculos
1757 456 1819 494 fle-

235 526 369 558 xores,
431 523 470 552 ut
497 528 536 554 ea
565 517 616 553 vis
646 528 663 553 a
699 517 845 566 perenni
894 518 1023 565 pariter
1057 513 1302 553 musculorum
1355 513 1586 552 extensorum
1629 514 1817 554 refistentia

237 574 445 612 destruatur.

298 633 384 677 Uno
405 634 542 675 verbo,
594 635 645 670 vis
672 633 769 670 instra
795 633 942 682 quidem
971 633 1006 669 in
1044 630 1210 669 musculis
1238 630 1492 678 habitat<z),
1533 631 1569 668 &
1602 639 1694 669 artus
1728 643 1816 670 con-

231 692 341 742 stituit
366 694 403 728 in
438 692 707 741 aequilibrium:
747 695 796 728 vis
830 691 974 729 nervosa
1009 702 1085 728 non
1121 691 1225 738 agit,
1282 689 1342 726 nisi
1374 692 1569 739 imperante
1606 691 1810 733 voluntate,

236 743 354 799 neque
384 753 498 788 anima
526 753 599 797 ejus
622 760 771 788 conatus
798 763 874 788 non
914 751 963 787 est
987 749 1125 787 conscia
1145 777 1154 790 ,
1211 761 1321 797 quem
1361 749 1435 786 edit
1464 748 1622 787 volendo
1656 757 1809 787 motum.

243 809 355 846 Nunc
386 810 563 856 ejusmodi
607 818 756 848 conatus
785 812 821 846 in
844 811 964 859 quiete
997 820 1113 858 neque
1141 807 1280 845 conscia
1326 806 1388 845 fibi
1426 809 1500 845 est:
1547 819 1663 857 neque
1694 809 1814 845 omni-

236 880 312 911 no,
351 867 530 916 limitata(
552 880 573 905 a
599 869 638 915 ),
689 881 774 906 cum
804 868 866 912 fit,
912 876 950 906 ut
974 879 1084 916 pauca
1116 878 1191 904 uno
1219 875 1382 915 tempore
1424 867 1559 913 objeehi
1604 865 1707 914 possit
1735 878 1813 915 per-

210 918 374 975 'cipere‚
423 928 466 964 ad
505 935 643 966 tantum
668 928 827 965 laborem
860 940 960 964 mens
985 924 1182 966 sufficeret.
1237 927 1299 974 qui
1339 923 1421 962 effet
1448 927 1483 962 in
1512 924 1709 973 dirigendis
1741 925 1813 963 fine

216 986 318 1028 rfine,
347 987 382 1022 In
405 986 532 1024 somno
566 989 741 1036 omnique
779 989 858 1024 vitae
900 987 1014 1027 statu,
1062 990 1118 1021 tot
1151 983 1396 1021 musculorum
1427 992 1526 1022 certo
1565 984 1682 1021 modo
1724 995 1812 1021 con-

237 1047 443 1092 temperatis
477 1046 630 1083 nixibus.
694 1044 746 1082 Eo
781 1053 861 1082 toto
893 1056 1003 1082 onere
1031 1042 1247 1079 NATURA
1276 1053 1343 1080 nos
1376 1041 1531 1085 levavit,
1577 1041 1724 1091 quando
1753 1053 1812 1079 ro-

236 1104 322 1139 bora
352 1103 596 1142 musculorum
628 1106 891 1141 contrariorum
924 1105 968 1140 ita
993 1102 1262 1150 aequilibravit,
1300 1107 1339 1138 ut
1373 1112 1417 1136 ex
1451 1100 1531 1149 ipsis
1558 1100 1697 1137 suarum
1731 1099 1812 1136 infi-

235 1167 352 1199 tarum
380 1163 508 1200 virium
533 1162 703 1200 mensuris
733 1170 825 1199 artus
860 1163 896 1198 in
939 1161 1186 1198 mediocritate
1222 1159 1299 1199 laxa
1317 1158 1532 1204 sustineant,
1572 1158 1693 1209 quoad
1708 1158 1812 1207 alt‘etg

236 1222 348 1258 utrius
368 1221 554 1260 adversarii
584 1220 746 1260 officium
773 1220 951 1259 Voluntas
983 1220 1149 1269 requirat.

655 1335 687 1376 §.
723 1329 845 1368 XVII.
912 1329 1138 1367 Phaenomena
1169 1327 1237 1374 ejus
1267 1332 1385 1365 motus.

447 1423 559 1462 FilJrae
597 1430 754 1462 tremunt
810 1423 856 1467 ἓξ
901 1423 1096 1461 trahuntur
1112 1452 1122 1466 ,
1173 1433 1347 1470 rugasque
1378 1421 1599 1459 contrahunt.

290 1531 461 1581 Pleraque
495 1533 579 1571 huic
617 1534 768 1571 nervoso
804 1535 921 1571 motui
960 1543 1043 1571 cum
1072 1530 1176 1568 insito
1218 1531 1428 1568 communia
1454 1529 1558 1572 sunt,
1617 1528 1679 1567 nifi
1706 1530 1807 1580 quod

232 1590 446 1640 plerumque
475 1592 657 1641 aliquanto
688 1592 754 1629 sint
781 1593 816 1628 ἃ
848 1591 1029 1628 velociora
1063 1591 1097 1626 &
1127 1589 1303 1626 fortiora:
1353 1588 1589 1637 plerumque,
1632 1590 1802 1636 inquam,

231 1661 316 1687 cum
347 1650 433 1686 nihil
467 1649 551 1688 defit
572 1652 742 1697 potentiae
769 1648 1045 1687 convulsionum
1071 1645 1181 1695 (h),
1217 1657 1296 1694 quae
1328 1658 1346 1683 a
1374 1645 1552 1694 sanguinis
1582 1646 1734 1693 jactura,
1769 1647 1807 1683 &

229 1709 266 1746 in
298 1709 522 1745 moribundis
552 1707 787 1748 animalibus,
830 1708 1108 1756 superveniunt,
1145 1706 1180 1742 ὃς
1214 1716 1299 1753 quas
1343 1715 1420 1741 non
1461 1704 1563 1741 facile
1592 1704 1696 1752 poffis
1738 1703 1802 1742 nifi

229 1766 274 1804 ad
295 1768 368 1804 vim
399 1768 535 1804 inlitam
560 1767 688 1804 referre
703 1796 711 1810 ,
766 1778 848 1804 cum
878 1765 1047 1803 destrusta
1069 1765 1157 1806 vita,
1179 1765 1216 1799 in
1242 1763 1387 1800 artubus
1406 1762 1530 1800 avulsis
1551 1762 1734 1800 fimillimae
1749 1763 1801 1801 su-

226 1825 367 1877 perfint.
434 1826 638 1864 Contrarias
663 1828 725 1876 qui
751 1826 913 1863 fecerunt
949 1825 1059 1865 vires,
1104 1830 1143 1859 ut
1172 1822 1406 1869 elater(c),
1444 1829 1504 1859 aut
1533 1822 1700 1873 naturalis
1721 1822 1798 1867 (d)

227 1884 423 1922 contrad’tio
453 1885 652 1923 musculum
692 1885 771 1934 post
798 1883 905 1922 finem
939 1881 1192 1921 contractionis
1223 1879 1383 1918 animalis
1427 1875 1602 1923 laxaret,'
1630 1892 1705 1918 non
1728 1892 1804 1917 cer-

226 1950 263 1981 te
297 1942 373 1980 satis
408 1943 739 1986 consideraverunt,
773 1941 1036 1981 contrastiones
1062 1940 1158 1982 illas,
1194 1951 1272 1989 quae
1293 1940 1331 1977 in
1366 1938 1530 1995 musculo
1564 1940 1672 1978 etiam
1705 1950 1804 1978 mor-

227 2006 292 2038 tuo
318 2000 453 2052 fibique
487 2002 610 2040 relisto
645 2002 745 2041 fiunt.
1762 2055 1778 2094 I

1780 2068 1805 2097 n

291 2182 336 2219 tr)
359 2192 386 2220 p

292 2223 336 2259 z)
358 2231 384 2260 p.
397 2224 552 2263 453se<1q

294 2264 339 2340 011²}
364 2265 436 2295 Vide
453 2266 525 2296 Se&
539 2265 589 2296 111.

362 2315 387 2341 Ρ·
401 2316 473 2342 453·

285 2345 332 2424 εξ
357 2345 451 2417 ἓᾼκι
476 2356 618 2377 meuvem.
644 2357 670 2378 c.
687 2349 714 2377 6.

386 2396 497 2420 unu
524 2393 590 2420 mot.
603 2388 678 2418 cora.
709 2387 788 2425 Prop
807 2394 855 2423 14.
